%YAML 1.1
%TAG !u! tag:unity3d.com,2011:
--- !u!1 &189550
GameObject:
  m_ObjectHideFlags: 0
  m_PrefabParentObject: {fileID: 0}
  m_PrefabInternal: {fileID: 100100000}
  serializedVersion: 5
  m_Component:
  - component: {fileID: 494966}
  - component: {fileID: 3306836}
  - component: {fileID: 2307636}
  - component: {fileID: 5413688}
  - component: {fileID: 13693424}
  - component: {fileID: 114000011868342210}
  - component: {fileID: 114000010111523060}
  m_Layer: 20
  m_Name: ZX_F_Bomb
  m_TagString: Untagged
  m_Icon: {fileID: 0}
  m_NavMeshLayer: 0
  m_StaticEditorFlags: 0
  m_IsActive: 1
--- !u!4 &494966
Transform:
  m_ObjectHideFlags: 1
  m_PrefabParentObject: {fileID: 0}
  m_PrefabInternal: {fileID: 100100000}
  m_GameObject: {fileID: 189550}
  m_LocalRotation: {x: 0, y: -0, z: -0, w: 1}
  m_LocalPosition: {x: 5.543773, y: 2.1940958, z: -4.1261954}
  m_LocalScale: {x: 1, y: 1, z: 1}
  m_Children: []
  m_Father: {fileID: 0}
  m_RootOrder: 0
  m_LocalEulerAnglesHint: {x: 0, y: 0, z: 0}
--- !u!23 &2307636
MeshRenderer:
  m_ObjectHideFlags: 1
  m_PrefabParentObject: {fileID: 0}
  m_PrefabInternal: {fileID: 100100000}
  m_GameObject: {fileID: 189550}
  m_Enabled: 1
  m_CastShadows: 1
  m_ReceiveShadows: 1
  m_DynamicOccludee: 1
  m_MotionVectors: 1
  m_LightProbeUsage: 0
  m_ReflectionProbeUsage: 1
  m_Materials:
  - {fileID: 2100000, guid: f9063a172dec5824f87a148932421f2d, type: 2}
  m_StaticBatchInfo:
    firstSubMesh: 0
    subMeshCount: 0
  m_StaticBatchRoot: {fileID: 0}
  m_ProbeAnchor: {fileID: 0}
  m_LightProbeVolumeOverride: {fileID: 0}
  m_ScaleInLightmap: 1
  m_PreserveUVs: 0
  m_IgnoreNormalsForChartDetection: 0
  m_ImportantGI: 0
  m_StitchLightmapSeams: 0
  m_SelectedEditorRenderState: 3
  m_MinimumChartSize: 4
  m_AutoUVMaxDistance: 0.5
  m_AutoUVMaxAngle: 89
  m_LightmapParameters: {fileID: 0}
  m_SortingLayerID: 0
  m_SortingLayer: 0
  m_SortingOrder: 0
--- !u!33 &3306836
MeshFilter:
  m_ObjectHideFlags: 1
  m_PrefabParentObject: {fileID: 0}
  m_PrefabInternal: {fileID: 100100000}
  m_GameObject: {fileID: 189550}
  m_Mesh: {fileID: 4300010, guid: 00faab5edcedc91478cc87b192ffb675, type: 3}
--- !u!54 &5413688
Rigidbody:
  m_ObjectHideFlags: 1
  m_PrefabParentObject: {fileID: 0}
  m_PrefabInternal: {fileID: 100100000}
  m_GameObject: {fileID: 189550}
  serializedVersion: 2
  m_Mass: 300
  m_Drag: 0
  m_AngularDrag: 0.05
  m_UseGravity: 1
  m_IsKinematic: 0
  m_Interpolate: 0
  m_Constraints: 0
  m_CollisionDetection: 0
--- !u!136 &13693424
CapsuleCollider:
  m_ObjectHideFlags: 1
  m_PrefabParentObject: {fileID: 0}
  m_PrefabInternal: {fileID: 100100000}
  m_GameObject: {fileID: 189550}
  m_Material: {fileID: 0}
  m_IsTrigger: 1
  m_Enabled: 1
  m_Radius: 0.8
  m_Height: 5.5
  m_Direction: 2
  m_Center: {x: 0, y: 0, z: 0}
--- !u!1001 &100100000
Prefab:
  m_ObjectHideFlags: 1
  serializedVersion: 2
  m_Modification:
    m_TransformParent: {fileID: 0}
    m_Modifications:
    - target: {fileID: 0}
      propertyPath: m_IsActive
      value: 0
      objectReference: {fileID: 0}
    - target: {fileID: 0}
      propertyPath: m_Drag
      value: 0.2
      objectReference: {fileID: 0}
    - target: {fileID: 0}
      propertyPath: m_Mass
      value: 300
      objectReference: {fileID: 0}
    - target: {fileID: 0}
      propertyPath: m_Constraints
      value: 0
      objectReference: {fileID: 0}
    - target: {fileID: 0}
      propertyPath: m_IsTrigger
      value: 0
      objectReference: {fileID: 0}
    - target: {fileID: 0}
      propertyPath: collisionDetonation
      value: 1
      objectReference: {fileID: 0}
    - target: {fileID: 0}
      propertyPath: triggerDetonation
      value: 0
      objectReference: {fileID: 0}
    - target: {fileID: 0}
      propertyPath: activationType
      value: 2
      objectReference: {fileID: 0}
    - target: {fileID: 0}
      propertyPath: torqueType
      value: 2
      objectReference: {fileID: 0}
    m_RemovedComponents: []
  m_ParentPrefab: {fileID: 0}
  m_RootGameObject: {fileID: 189550}
  m_IsPrefabParent: 1
--- !u!114 &114000010111523060
MonoBehaviour:
  m_ObjectHideFlags: 1
  m_PrefabParentObject: {fileID: 0}
  m_PrefabInternal: {fileID: 100100000}
  m_GameObject: {fileID: 189550}
  m_Enabled: 1
  m_EditorHideFlags: 0
  m_Script: {fileID: 11500000, guid: 5de293bcedc88f94cb2061f63c262dd6, type: 3}
  m_Name: 
  m_EditorClassIdentifier: 
  trailPrefab: {fileID: 198000013091795894, guid: 3a3d0016da43349cea632e1636a7f423,
    type: 2}
  torqueType: 0
  gravityDriven: 1
  rotateToTraj: 1
  stopOnCollision: 1
  attachOnCollision: 0
  projectileLifetime: 0
  renderOnPlace: 1
  fadeOutSpeed: 0
  useWeaponValues: 0
  projectileDamage: 2000
  projectilePenetration: 0.9
  projectileForceMod: 0.5
  projectileDamageType: 0
  projectileDamageEffect: 2
  s_Impact: '[None]'
  explosiveDamage: 12000
  explosiveRadius: 3.5
  explosiveDamagePenetration: 0.9
  explosiveForceMod: 0.25
  detonationDelay: 0
  damageOverLifetime: 0
  explosiveDamageType: 2
  explosiveDamageEffect: 3
  activationType: 1
  effectPrefab: {fileID: 19888690, guid: 8b05cde01f8d947a79b062e3e20aecac, type: 2}
  scarPrefab: {fileID: 0}
  scarDuration: 0
  s_Explode: explosion_large_01
--- !u!114 &114000011868342210
MonoBehaviour:
  m_ObjectHideFlags: 1
  m_PrefabParentObject: {fileID: 0}
  m_PrefabInternal: {fileID: 100100000}
  m_GameObject: {fileID: 189550}
  m_Enabled: 1
  m_EditorHideFlags: 0
  m_Script: {fileID: 11500000, guid: a57e0e363027e48458f117bb7d1b39ff, type: 3}
  m_Name: 
  m_EditorClassIdentifier: 
  materialsList:
  - matName: SimpleAirport
    usingShader: 'UNOShader/_Library/UNLIT/UNOShaderUNLIT Transparent Color Diffuse
      Decal FogOff '
    shaderVisible: 1
    animate:
    - propertyName: _MainTex
      AnimateUV: 0
      instantiate: 1
      ScrollSpeed: {x: -0.4, y: 0}
      UVOffset: {x: 0, y: 0}
      RotateSpeed: 100
      UVRotate: 0
      RotatePivot: {x: 0.5, y: 0.5}
      matrix: _MainTexMatrix
    - propertyName: _DecalTex
      AnimateUV: 0
      instantiate: 1
      ScrollSpeed: {x: -0.4, y: 0}
      UVOffset: {x: 0, y: 0}
      RotateSpeed: 100
      UVRotate: 0
      RotatePivot: {x: 0.5, y: 0.5}
      matrix: _DecalTexMatrix
