%YAML 1.1
%TAG !u! tag:unity3d.com,2011:
--- !u!1001 &100100000
Prefab:
  m_ObjectHideFlags: 1
  serializedVersion: 2
  m_Modification:
    m_TransformParent: {fileID: 0}
    m_Modifications: []
    m_RemovedComponents: []
  m_ParentPrefab: {fileID: 0}
  m_RootGameObject: {fileID: 1000012771704584}
  m_IsPrefabParent: 1
--- !u!1 &1000012771704584
GameObject:
  m_ObjectHideFlags: 0
  m_PrefabParentObject: {fileID: 0}
  m_PrefabInternal: {fileID: 100100000}
  serializedVersion: 5
  m_Component:
  - component: {fileID: 4000012418181348}
  - component: {fileID: 33000013311877440}
  - component: {fileID: 23000011236956104}
  - component: {fileID: 136000012267319234}
  - component: {fileID: 114000012283324728}
  - component: {fileID: 114000014244811256}
  - component: {fileID: 54000011804961088}
  m_Layer: 20
  m_Name: ZX_Minefield
  m_TagString: Untagged
  m_Icon: {fileID: 0}
  m_NavMeshLayer: 0
  m_StaticEditorFlags: 0
  m_IsActive: 0
--- !u!4 &4000012418181348
Transform:
  m_ObjectHideFlags: 1
  m_PrefabParentObject: {fileID: 0}
  m_PrefabInternal: {fileID: 100100000}
  m_GameObject: {fileID: 1000012771704584}
  m_LocalRotation: {x: 0, y: 0, z: 0, w: 1}
  m_LocalPosition: {x: 0, y: 0, z: -0.154}
  m_LocalScale: {x: 1, y: 1, z: 1}
  m_Children: []
  m_Father: {fileID: 0}
  m_RootOrder: 0
  m_LocalEulerAnglesHint: {x: -89.285095, y: 0, z: -540}
--- !u!23 &23000011236956104
MeshRenderer:
  m_ObjectHideFlags: 1
  m_PrefabParentObject: {fileID: 0}
  m_PrefabInternal: {fileID: 100100000}
  m_GameObject: {fileID: 1000012771704584}
  m_Enabled: 1
  m_CastShadows: 1
  m_ReceiveShadows: 1
  m_DynamicOccludee: 1
  m_MotionVectors: 1
  m_LightProbeUsage: 1
  m_ReflectionProbeUsage: 1
  m_Materials:
  - {fileID: 2100000, guid: 5f1fa4c96f4f24fd695f408cdcb46b4c, type: 2}
  m_StaticBatchInfo:
    firstSubMesh: 0
    subMeshCount: 0
  m_StaticBatchRoot: {fileID: 0}
  m_ProbeAnchor: {fileID: 0}
  m_LightProbeVolumeOverride: {fileID: 0}
  m_ScaleInLightmap: 1
  m_PreserveUVs: 0
  m_IgnoreNormalsForChartDetection: 0
  m_ImportantGI: 0
  m_StitchLightmapSeams: 0
  m_SelectedEditorRenderState: 3
  m_MinimumChartSize: 4
  m_AutoUVMaxDistance: 0.5
  m_AutoUVMaxAngle: 89
  m_LightmapParameters: {fileID: 0}
  m_SortingLayerID: 0
  m_SortingLayer: 0
  m_SortingOrder: 0
--- !u!33 &33000013311877440
MeshFilter:
  m_ObjectHideFlags: 1
  m_PrefabParentObject: {fileID: 0}
  m_PrefabInternal: {fileID: 100100000}
  m_GameObject: {fileID: 1000012771704584}
  m_Mesh: {fileID: 4300000, guid: 19545d9803dec42e191e0c1c50c27681, type: 3}
--- !u!54 &54000011804961088
Rigidbody:
  m_ObjectHideFlags: 1
  m_PrefabParentObject: {fileID: 0}
  m_PrefabInternal: {fileID: 100100000}
  m_GameObject: {fileID: 1000012771704584}
  serializedVersion: 2
  m_Mass: 5
  m_Drag: 0
  m_AngularDrag: 0.05
  m_UseGravity: 1
  m_IsKinematic: 0
  m_Interpolate: 0
  m_Constraints: 0
  m_CollisionDetection: 0
--- !u!114 &114000012283324728
MonoBehaviour:
  m_ObjectHideFlags: 1
  m_PrefabParentObject: {fileID: 0}
  m_PrefabInternal: {fileID: 100100000}
  m_GameObject: {fileID: 1000012771704584}
  m_Enabled: 1
  m_EditorHideFlags: 0
  m_Script: {fileID: 11500000, guid: a57e0e363027e48458f117bb7d1b39ff, type: 3}
  m_Name: 
  m_EditorClassIdentifier: 
  materialsList:
  - matName: ZX_Mat_SimpleApocalypse_Transparent
    usingShader: 'UNOShader/_Library/UNLIT/UNOShaderUNLIT Transparent Color Diffuse '
    shaderVisible: 1
    animate:
    - propertyName: _MainTex
      AnimateUV: 0
      instantiate: 1
      ScrollSpeed: {x: -0.4, y: 0}
      UVOffset: {x: 0, y: 0}
      RotateSpeed: 100
      UVRotate: 0
      RotatePivot: {x: 0.5, y: 0.5}
      matrix: _MainTexMatrix
--- !u!114 &114000014244811256
MonoBehaviour:
  m_ObjectHideFlags: 1
  m_PrefabParentObject: {fileID: 0}
  m_PrefabInternal: {fileID: 100100000}
  m_GameObject: {fileID: 1000012771704584}
  m_Enabled: 1
  m_EditorHideFlags: 0
  m_Script: {fileID: 11500000, guid: 5de293bcedc88f94cb2061f63c262dd6, type: 3}
  m_Name: 
  m_EditorClassIdentifier: 
  trailPrefab: {fileID: 198000013064453264, guid: e9675d1cff1144b51a30329bfd4c1881,
    type: 2}
  torqueType: 1
  gravityDriven: 1
  stopOnCollision: 0
  attachOnCollision: 0
  projectileLifetime: 0
  renderOnPlace: 0
  fadeOutSpeed: 0.05
  useWeaponValues: 1
  projectileDamage: 600
  projectilePenetration: 0.702
  projectileForceMod: 1
  projectileDamageType: 0
  projectileDamageEffect: 2
  s_Impact: 
  explosiveDamage: 800
  explosiveRadius: 8
  explosiveDamagePenetration: 0.25
  explosiveForceMod: 0.3
  detonationDelay: 0
  damageOverLifetime: 0
  explosiveDamageType: 2
  explosiveDamageEffect: 2
  activationType: 2
  effectPrefab: {fileID: 19888690, guid: 2aecc71f121e548a18302dbf7c1695b9, type: 2}
  scarPrefab: {fileID: 0}
  scarDuration: 0
  s_Explode: 
--- !u!136 &136000012267319234
CapsuleCollider:
  m_ObjectHideFlags: 1
  m_PrefabParentObject: {fileID: 0}
  m_PrefabInternal: {fileID: 100100000}
  m_GameObject: {fileID: 1000012771704584}
  m_Material: {fileID: 0}
  m_IsTrigger: 0
  m_Enabled: 1
  m_Radius: 0.12
  m_Height: 0.37
  m_Direction: 2
  m_Center: {x: 0, y: 0, z: 0}
