%YAML 1.1
%TAG !u! tag:unity3d.com,2011:
--- !u!1 &105338
GameObject:
  m_ObjectHideFlags: 1
  m_PrefabParentObject: {fileID: 0}
  m_PrefabInternal: {fileID: 100100000}
  serializedVersion: 5
  m_Component:
  - component: {fileID: 434964}
  m_Layer: 14
  m_Name: Hand_Right_jnt
  m_TagString: Untagged
  m_Icon: {fileID: 0}
  m_NavMeshLayer: 0
  m_StaticEditorFlags: 0
  m_IsActive: 1
--- !u!1 &112628
GameObject:
  m_ObjectHideFlags: 1
  m_PrefabParentObject: {fileID: 0}
  m_PrefabInternal: {fileID: 100100000}
  serializedVersion: 5
  m_Component:
  - component: {fileID: 491466}
  m_Layer: 14
  m_Name: UpperLeg_Left_jnt
  m_TagString: Untagged
  m_Icon: {fileID: 0}
  m_NavMeshLayer: 0
  m_StaticEditorFlags: 0
  m_IsActive: 1
--- !u!1 &113072
GameObject:
  m_ObjectHideFlags: 0
  m_PrefabParentObject: {fileID: 0}
  m_PrefabInternal: {fileID: 100100000}
  serializedVersion: 5
  m_Component:
  - component: {fileID: 430366}
  - component: {fileID: 13796528}
  m_Layer: 14
  m_Name: SA_Char_Survivor_Biohazard
  m_TagString: Untagged
  m_Icon: {fileID: 0}
  m_NavMeshLayer: 0
  m_StaticEditorFlags: 0
  m_IsActive: 1
--- !u!1 &122994
GameObject:
  m_ObjectHideFlags: 1
  m_PrefabParentObject: {fileID: 0}
  m_PrefabInternal: {fileID: 100100000}
  serializedVersion: 5
  m_Component:
  - component: {fileID: 450908}
  m_Layer: 14
  m_Name: UpperLeg_Right_jnt
  m_TagString: Untagged
  m_Icon: {fileID: 0}
  m_NavMeshLayer: 0
  m_StaticEditorFlags: 0
  m_IsActive: 1
--- !u!1 &137432
GameObject:
  m_ObjectHideFlags: 1
  m_PrefabParentObject: {fileID: 0}
  m_PrefabInternal: {fileID: 100100000}
  serializedVersion: 5
  m_Component:
  - component: {fileID: 431142}
  m_Layer: 14
  m_Name: LowerArm_Right_jnt
  m_TagString: Untagged
  m_Icon: {fileID: 0}
  m_NavMeshLayer: 0
  m_StaticEditorFlags: 0
  m_IsActive: 1
--- !u!1 &139768
GameObject:
  m_ObjectHideFlags: 1
  m_PrefabParentObject: {fileID: 0}
  m_PrefabInternal: {fileID: 100100000}
  serializedVersion: 5
  m_Component:
  - component: {fileID: 495420}
  m_Layer: 14
  m_Name: LowerLeg_Left_jnt
  m_TagString: Untagged
  m_Icon: {fileID: 0}
  m_NavMeshLayer: 0
  m_StaticEditorFlags: 0
  m_IsActive: 1
--- !u!1 &147810
GameObject:
  m_ObjectHideFlags: 1
  m_PrefabParentObject: {fileID: 0}
  m_PrefabInternal: {fileID: 100100000}
  serializedVersion: 5
  m_Component:
  - component: {fileID: 420488}
  m_Layer: 14
  m_Name: UpperArm_Left_jnt
  m_TagString: Untagged
  m_Icon: {fileID: 0}
  m_NavMeshLayer: 0
  m_StaticEditorFlags: 0
  m_IsActive: 1
--- !u!1 &148204
GameObject:
  m_ObjectHideFlags: 1
  m_PrefabParentObject: {fileID: 0}
  m_PrefabInternal: {fileID: 100100000}
  serializedVersion: 5
  m_Component:
  - component: {fileID: 429050}
  m_Layer: 14
  m_Name: Hat_jnt
  m_TagString: Untagged
  m_Icon: {fileID: 0}
  m_NavMeshLayer: 0
  m_StaticEditorFlags: 0
  m_IsActive: 1
--- !u!1 &149310
GameObject:
  m_ObjectHideFlags: 1
  m_PrefabParentObject: {fileID: 0}
  m_PrefabInternal: {fileID: 100100000}
  serializedVersion: 5
  m_Component:
  - component: {fileID: 463076}
  m_Layer: 14
  m_Name: Body_jnt
  m_TagString: Untagged
  m_Icon: {fileID: 0}
  m_NavMeshLayer: 0
  m_StaticEditorFlags: 0
  m_IsActive: 1
--- !u!1 &153948
GameObject:
  m_ObjectHideFlags: 1
  m_PrefabParentObject: {fileID: 0}
  m_PrefabInternal: {fileID: 100100000}
  serializedVersion: 5
  m_Component:
  - component: {fileID: 441928}
  m_Layer: 14
  m_Name: UpperArm_Right_jnt
  m_TagString: Untagged
  m_Icon: {fileID: 0}
  m_NavMeshLayer: 0
  m_StaticEditorFlags: 0
  m_IsActive: 1
--- !u!1 &155998
GameObject:
  m_ObjectHideFlags: 0
  m_PrefabParentObject: {fileID: 0}
  m_PrefabInternal: {fileID: 100100000}
  serializedVersion: 5
  m_Component:
  - component: {fileID: 451032}
  - component: {fileID: 9598456}
  - component: {fileID: 19598864}
  - component: {fileID: 11450518}
  - component: {fileID: 11413234}
  - component: {fileID: 114576335810428096}
  m_Layer: 14
  m_Name: ZX_Char_Biohazard
  m_TagString: Untagged
  m_Icon: {fileID: 0}
  m_NavMeshLayer: 0
  m_StaticEditorFlags: 0
  m_IsActive: 1
--- !u!1 &163158
GameObject:
  m_ObjectHideFlags: 1
  m_PrefabParentObject: {fileID: 0}
  m_PrefabInternal: {fileID: 100100000}
  serializedVersion: 5
  m_Component:
  - component: {fileID: 439572}
  m_Layer: 14
  m_Name: Hand_Left_jnt
  m_TagString: Untagged
  m_Icon: {fileID: 0}
  m_NavMeshLayer: 0
  m_StaticEditorFlags: 0
  m_IsActive: 1
--- !u!1 &163302
GameObject:
  m_ObjectHideFlags: 0
  m_PrefabParentObject: {fileID: 0}
  m_PrefabInternal: {fileID: 100100000}
  serializedVersion: 5
  m_Component:
  - component: {fileID: 430330}
  m_Layer: 14
  m_Name: Root_jnt
  m_TagString: Untagged
  m_Icon: {fileID: 0}
  m_NavMeshLayer: 0
  m_StaticEditorFlags: 0
  m_IsActive: 1
--- !u!1 &163528
GameObject:
  m_ObjectHideFlags: 1
  m_PrefabParentObject: {fileID: 0}
  m_PrefabInternal: {fileID: 100100000}
  serializedVersion: 5
  m_Component:
  - component: {fileID: 483258}
  m_Layer: 14
  m_Name: Foot_Right_jnt
  m_TagString: Untagged
  m_Icon: {fileID: 0}
  m_NavMeshLayer: 0
  m_StaticEditorFlags: 0
  m_IsActive: 1
--- !u!1 &170100
GameObject:
  m_ObjectHideFlags: 1
  m_PrefabParentObject: {fileID: 0}
  m_PrefabInternal: {fileID: 100100000}
  serializedVersion: 5
  m_Component:
  - component: {fileID: 494334}
  m_Layer: 14
  m_Name: LowerArm_Left_jnt
  m_TagString: Untagged
  m_Icon: {fileID: 0}
  m_NavMeshLayer: 0
  m_StaticEditorFlags: 0
  m_IsActive: 1
--- !u!1 &172626
GameObject:
  m_ObjectHideFlags: 1
  m_PrefabParentObject: {fileID: 0}
  m_PrefabInternal: {fileID: 100100000}
  serializedVersion: 5
  m_Component:
  - component: {fileID: 426664}
  m_Layer: 14
  m_Name: Spine_jnt
  m_TagString: Untagged
  m_Icon: {fileID: 0}
  m_NavMeshLayer: 0
  m_StaticEditorFlags: 0
  m_IsActive: 1
--- !u!1 &188230
GameObject:
  m_ObjectHideFlags: 1
  m_PrefabParentObject: {fileID: 0}
  m_PrefabInternal: {fileID: 100100000}
  serializedVersion: 5
  m_Component:
  - component: {fileID: 433094}
  m_Layer: 14
  m_Name: Head_jnt
  m_TagString: Untagged
  m_Icon: {fileID: 0}
  m_NavMeshLayer: 0
  m_StaticEditorFlags: 0
  m_IsActive: 1
--- !u!1 &190306
GameObject:
  m_ObjectHideFlags: 1
  m_PrefabParentObject: {fileID: 0}
  m_PrefabInternal: {fileID: 100100000}
  serializedVersion: 5
  m_Component:
  - component: {fileID: 486510}
  m_Layer: 14
  m_Name: Foot_Left_jnt
  m_TagString: Untagged
  m_Icon: {fileID: 0}
  m_NavMeshLayer: 0
  m_StaticEditorFlags: 0
  m_IsActive: 1
--- !u!1 &196006
GameObject:
  m_ObjectHideFlags: 1
  m_PrefabParentObject: {fileID: 0}
  m_PrefabInternal: {fileID: 100100000}
  serializedVersion: 5
  m_Component:
  - component: {fileID: 423100}
  m_Layer: 14
  m_Name: Hips_jnt
  m_TagString: Untagged
  m_Icon: {fileID: 0}
  m_NavMeshLayer: 0
  m_StaticEditorFlags: 0
  m_IsActive: 1
--- !u!1 &196314
GameObject:
  m_ObjectHideFlags: 1
  m_PrefabParentObject: {fileID: 0}
  m_PrefabInternal: {fileID: 100100000}
  serializedVersion: 5
  m_Component:
  - component: {fileID: 435540}
  m_Layer: 14
  m_Name: LowerLeg_Right_jnt
  m_TagString: Untagged
  m_Icon: {fileID: 0}
  m_NavMeshLayer: 0
  m_StaticEditorFlags: 0
  m_IsActive: 1
--- !u!4 &420488
Transform:
  m_ObjectHideFlags: 1
  m_PrefabParentObject: {fileID: 0}
  m_PrefabInternal: {fileID: 100100000}
  m_GameObject: {fileID: 147810}
  m_LocalRotation: {x: 0, y: 0, z: -0.7071068, w: 0.7071068}
  m_LocalPosition: {x: -0.21910845, y: -0.565232, z: 0}
  m_LocalScale: {x: 1, y: 1, z: 1}
  m_Children:
  - {fileID: 494334}
  m_Father: {fileID: 426664}
  m_RootOrder: 1
  m_LocalEulerAnglesHint: {x: 0, y: 0, z: 0}
--- !u!4 &423100
Transform:
  m_ObjectHideFlags: 1
  m_PrefabParentObject: {fileID: 0}
  m_PrefabInternal: {fileID: 100100000}
  m_GameObject: {fileID: 196006}
  m_LocalRotation: {x: 0, y: 0, z: 0.2597436, w: 0.9656776}
  m_LocalPosition: {x: -0, y: 1.0449876, z: 0}
  m_LocalScale: {x: 1, y: 1, z: 1}
  m_Children:
  - {fileID: 463076}
  - {fileID: 491466}
  - {fileID: 450908}
  m_Father: {fileID: 430330}
  m_RootOrder: 0
  m_LocalEulerAnglesHint: {x: 0, y: 0, z: 0}
--- !u!4 &426664
Transform:
  m_ObjectHideFlags: 1
  m_PrefabParentObject: {fileID: 0}
  m_PrefabInternal: {fileID: 100100000}
  m_GameObject: {fileID: 172626}
  m_LocalRotation: {x: 0, y: 0, z: -1.6102571e-15, w: 1}
  m_LocalPosition: {x: -0.6703252, y: 3.7986005e-16, z: 0}
  m_LocalScale: {x: 1, y: 1, z: 1}
  m_Children:
  - {fileID: 433094}
  - {fileID: 420488}
  - {fileID: 441928}
  m_Father: {fileID: 463076}
  m_RootOrder: 0
  m_LocalEulerAnglesHint: {x: 0, y: 0, z: 0}
--- !u!4 &429050
Transform:
  m_ObjectHideFlags: 1
  m_PrefabParentObject: {fileID: 0}
  m_PrefabInternal: {fileID: 100100000}
  m_GameObject: {fileID: 148204}
  m_LocalRotation: {x: 3.6511133e-16, y: -1.4823535e-16, z: 0.7071068, w: 0.7071068}
  m_LocalPosition: {x: -0.54227096, y: 1.2040834e-16, z: 0}
  m_LocalScale: {x: 1, y: 1, z: 1}
  m_Children: []
  m_Father: {fileID: 433094}
  m_RootOrder: 0
  m_LocalEulerAnglesHint: {x: 0, y: 0, z: 0}
--- !u!4 &430330
Transform:
  m_ObjectHideFlags: 1
  m_PrefabParentObject: {fileID: 0}
  m_PrefabInternal: {fileID: 100100000}
  m_GameObject: {fileID: 163302}
  m_LocalRotation: {x: 0, y: 0, z: 0, w: 1}
  m_LocalPosition: {x: 0, y: 0, z: 0}
  m_LocalScale: {x: 1, y: 1, z: 1}
  m_Children:
  - {fileID: 423100}
  m_Father: {fileID: 451032}
  m_RootOrder: 0
  m_LocalEulerAnglesHint: {x: 0, y: 0, z: 0}
--- !u!4 &430366
Transform:
  m_ObjectHideFlags: 1
  m_PrefabParentObject: {fileID: 0}
  m_PrefabInternal: {fileID: 100100000}
  m_GameObject: {fileID: 113072}
  m_LocalRotation: {x: 0, y: 0, z: 0, w: 1}
  m_LocalPosition: {x: 0, y: 0, z: 0}
  m_LocalScale: {x: 1, y: 1, z: 1}
  m_Children: []
  m_Father: {fileID: 451032}
  m_RootOrder: 1
  m_LocalEulerAnglesHint: {x: 0, y: 0, z: 0}
--- !u!4 &431142
Transform:
  m_ObjectHideFlags: 1
  m_PrefabParentObject: {fileID: 0}
  m_PrefabInternal: {fileID: 100100000}
  m_GameObject: {fileID: 137432}
  m_LocalRotation: {x: 0, y: 0, z: 8.3266727e-16, w: 1}
  m_LocalPosition: {x: -0.47118998, y: 5.684342e-16, z: -5.770413e-17}
  m_LocalScale: {x: 1, y: 1, z: 1}
  m_Children:
  - {fileID: 434964}
  m_Father: {fileID: 441928}
  m_RootOrder: 0
  m_LocalEulerAnglesHint: {x: 0, y: 0, z: 0}
--- !u!4 &433094
Transform:
  m_ObjectHideFlags: 1
  m_PrefabParentObject: {fileID: 0}
  m_PrefabInternal: {fileID: 100100000}
  m_GameObject: {fileID: 188230}
  m_LocalRotation: {x: 0, y: 0, z: -1.6653345e-15, w: 1}
  m_LocalPosition: {x: -0.3106261, y: 6.897285e-17, z: 0}
  m_LocalScale: {x: 1, y: 1, z: 1}
  m_Children:
  - {fileID: 429050}
  m_Father: {fileID: 426664}
  m_RootOrder: 0
  m_LocalEulerAnglesHint: {x: 0, y: 0, z: 0}
--- !u!4 &434964
Transform:
  m_ObjectHideFlags: 1
  m_PrefabParentObject: {fileID: 0}
  m_PrefabInternal: {fileID: 100100000}
  m_GameObject: {fileID: 105338}
  m_LocalRotation: {x: 1.4105955e-13, y: 1, z: -1.1714554e-15, w: 1.8533623e-15}
  m_LocalPosition: {x: -0.4403, y: -8.5265126e-16, z: -5.3921198e-17}
  m_LocalScale: {x: 1, y: 1, z: 1}
  m_Children: []
  m_Father: {fileID: 431142}
  m_RootOrder: 0
  m_LocalEulerAnglesHint: {x: 0, y: 0, z: 0}
--- !u!4 &435540
Transform:
  m_ObjectHideFlags: 1
  m_PrefabParentObject: {fileID: 0}
  m_PrefabInternal: {fileID: 100100000}
  m_GameObject: {fileID: 196314}
  m_LocalRotation: {x: -0.70410997, y: -0.000030960506, z: 0.00005181963, w: 0.71009094}
  m_LocalPosition: {x: 0.374522, y: 3.1974422e-16, z: -1.0987399e-12}
  m_LocalScale: {x: 1, y: 1, z: 1}
  m_Children:
  - {fileID: 483258}
  m_Father: {fileID: 450908}
  m_RootOrder: 0
  m_LocalEulerAnglesHint: {x: 0, y: 0, z: 0}
--- !u!4 &439572
Transform:
  m_ObjectHideFlags: 1
  m_PrefabParentObject: {fileID: 0}
  m_PrefabInternal: {fileID: 100100000}
  m_GameObject: {fileID: 163158}
  m_LocalRotation: {x: -1.7658669e-13, y: 1, z: -7.2736614e-16, w: -2.2836737e-15}
  m_LocalPosition: {x: 0.4403, y: -5.684342e-16, z: 5.39209e-17}
  m_LocalScale: {x: 1, y: 1, z: 1}
  m_Children: []
  m_Father: {fileID: 494334}
  m_RootOrder: 0
  m_LocalEulerAnglesHint: {x: 0, y: 0, z: 0}
--- !u!4 &441928
Transform:
  m_ObjectHideFlags: 1
  m_PrefabParentObject: {fileID: 0}
  m_PrefabInternal: {fileID: 100100000}
  m_GameObject: {fileID: 153948}
  m_LocalRotation: {x: -0.7071068, y: 0.7071068, z: 4.3352284e-17, w: -4.3243328e-17}
  m_LocalPosition: {x: -0.21910845, y: 0.565232, z: 0}
  m_LocalScale: {x: 1, y: 1, z: 1}
  m_Children:
  - {fileID: 431142}
  m_Father: {fileID: 426664}
  m_RootOrder: 2
  m_LocalEulerAnglesHint: {x: 0, y: 0, z: 0}
--- !u!4 &450908
Transform:
  m_ObjectHideFlags: 1
  m_PrefabParentObject: {fileID: 0}
  m_PrefabInternal: {fileID: 100100000}
  m_GameObject: {fileID: 122994}
  m_LocalRotation: {x: -0.49918568, y: 0.8664699, z: 0.0057249772, w: -0.003284124}
  m_LocalPosition: {x: 0.12763838, y: -0.22304337, z: 0}
  m_LocalScale: {x: 1, y: 1, z: 1}
  m_Children:
  - {fileID: 435540}
  m_Father: {fileID: 423100}
  m_RootOrder: 2
  m_LocalEulerAnglesHint: {x: 0, y: 0, z: 0}
--- !u!4 &451032
Transform:
  m_ObjectHideFlags: 1
  m_PrefabParentObject: {fileID: 0}
  m_PrefabInternal: {fileID: 100100000}
  m_GameObject: {fileID: 155998}
  m_LocalRotation: {x: 0, y: 0, z: 0, w: 1}
  m_LocalPosition: {x: 0, y: 0, z: 0}
  m_LocalScale: {x: 1, y: 1, z: 1}
  m_Children:
  - {fileID: 430330}
  - {fileID: 430366}
  m_Father: {fileID: 0}
  m_RootOrder: 0
  m_LocalEulerAnglesHint: {x: 0, y: 0, z: 0}
--- !u!4 &463076
Transform:
  m_ObjectHideFlags: 1
  m_PrefabParentObject: {fileID: 0}
  m_PrefabInternal: {fileID: 100100000}
  m_GameObject: {fileID: 149310}
  m_LocalRotation: {x: -0, y: 0, z: 0.86650366, w: -0.49917072}
  m_LocalPosition: {x: 0.009555898, y: 0.016478358, z: 0}
  m_LocalScale: {x: 1, y: 1, z: 1}
  m_Children:
  - {fileID: 426664}
  m_Father: {fileID: 423100}
  m_RootOrder: 0
  m_LocalEulerAnglesHint: {x: 0, y: 0, z: 0}
--- !u!4 &483258
Transform:
  m_ObjectHideFlags: 1
  m_PrefabParentObject: {fileID: 0}
  m_PrefabInternal: {fileID: 100100000}
  m_GameObject: {fileID: 163528}
  m_LocalRotation: {x: 0.50117123, y: 0.5011969, z: -0.498829, w: 0.49879736}
  m_LocalPosition: {x: 0.388744, y: 8.197164e-12, z: -3.690733e-11}
  m_LocalScale: {x: 1, y: 1, z: 1}
  m_Children: []
  m_Father: {fileID: 435540}
  m_RootOrder: 0
  m_LocalEulerAnglesHint: {x: 0, y: 0, z: 0}
--- !u!4 &486510
Transform:
  m_ObjectHideFlags: 1
  m_PrefabParentObject: {fileID: 0}
  m_PrefabInternal: {fileID: 100100000}
  m_GameObject: {fileID: 190306}
  m_LocalRotation: {x: 0.50042224, y: 0.5004222, z: -0.49957308, w: 0.49958178}
  m_LocalPosition: {x: -0.38874373, y: 1.20736755e-17, z: 7.342678e-12}
  m_LocalScale: {x: 1, y: 1, z: 1}
  m_Children: []
  m_Father: {fileID: 495420}
  m_RootOrder: 0
  m_LocalEulerAnglesHint: {x: 0, y: 0, z: 0}
--- !u!4 &491466
Transform:
  m_ObjectHideFlags: 1
  m_PrefabParentObject: {fileID: 0}
  m_PrefabInternal: {fileID: 100100000}
  m_GameObject: {fileID: 112628}
  m_LocalRotation: {x: -0.00013711104, y: -0.00008424717, z: 0.49917465, w: 0.8665014}
  m_LocalPosition: {x: -0.25698245, y: -1.4210854e-16, z: 0}
  m_LocalScale: {x: 1, y: 1, z: 1}
  m_Children:
  - {fileID: 495420}
  m_Father: {fileID: 423100}
  m_RootOrder: 1
  m_LocalEulerAnglesHint: {x: 0, y: 0, z: 0}
--- !u!4 &494334
Transform:
  m_ObjectHideFlags: 1
  m_PrefabParentObject: {fileID: 0}
  m_PrefabInternal: {fileID: 100100000}
  m_GameObject: {fileID: 170100}
  m_LocalRotation: {x: 0, y: 0, z: -2.3869795e-15, w: 1}
  m_LocalPosition: {x: 0.471188, y: 0, z: 5.77041e-17}
  m_LocalScale: {x: 1, y: 1, z: 1}
  m_Children:
  - {fileID: 439572}
  m_Father: {fileID: 420488}
  m_RootOrder: 0
  m_LocalEulerAnglesHint: {x: 0, y: 0, z: 0}
--- !u!4 &495420
Transform:
  m_ObjectHideFlags: 1
  m_PrefabParentObject: {fileID: 0}
  m_PrefabInternal: {fileID: 100100000}
  m_GameObject: {fileID: 139768}
  m_LocalRotation: {x: -0.7075902, y: 0.000006446892, z: -0.000006145912, w: 0.706623}
  m_LocalPosition: {x: -0.37452164, y: -7.105427e-17, z: -1.7347234e-20}
  m_LocalScale: {x: 1, y: 1, z: 1}
  m_Children:
  - {fileID: 486510}
  m_Father: {fileID: 491466}
  m_RootOrder: 0
  m_LocalEulerAnglesHint: {x: 0, y: 0, z: 0}
--- !u!95 &9598456
Animator:
  serializedVersion: 3
  m_ObjectHideFlags: 1
  m_PrefabParentObject: {fileID: 0}
  m_PrefabInternal: {fileID: 100100000}
  m_GameObject: {fileID: 155998}
  m_Enabled: 1
  m_Avatar: {fileID: 9000000, guid: 255377ae1700518438342ed74889e165, type: 3}
  m_Controller: {fileID: 9100000, guid: a2aa1a62e1bcc4a179db44b657eacac8, type: 2}
  m_CullingMode: 1
  m_UpdateMode: 0
  m_ApplyRootMotion: 1
  m_LinearVelocityBlending: 0
  m_WarningMessage: 
  m_HasTransformHierarchy: 1
  m_AllowConstantClipSamplingOptimization: 1
--- !u!114 &11413234
MonoBehaviour:
  m_ObjectHideFlags: 1
  m_PrefabParentObject: {fileID: 0}
  m_PrefabInternal: {fileID: 100100000}
  m_GameObject: {fileID: 155998}
  m_Enabled: 1
  m_EditorHideFlags: 0
  m_Script: {fileID: 11500000, guid: 117606b2e04a3ee498e0af2442210031, type: 3}
  m_Name: 
  m_EditorClassIdentifier: 
  toonRace: 1
  skeletonConfiguration: 0
  scale: 1
  health: 2000
  ignoreGas: 0
  useLevelBounds: 0
  weight: 80
  armour: 0
  density: 0.5
  defaultAction: 200
  defaultMoveSpeed: 3
  defaultMoveAction: 0
  agroRange: 10
  moveTime: 0
  meleeDamage: 100
  meleeDamageEffect: 0
  logDebugging: 0
  logUserInput: 0
  s_SpawnSound: 
  s_meleeAttackSound: 
  s_takeDamage: 
  s_DeathSound: 
  ik_AimSpeed: 30
  toonBehavior: 5
  s_Voice: 
  s_GroundImpact: 
  primaryWeaponPrefab: {fileID: 11464610, guid: 76d7ff128d5130f4ab944f385c7d8c7b,
    type: 2}
  backpackPrefab: {fileID: 0}
  shieldPrefab: {fileID: 0}
--- !u!114 &11450518
MonoBehaviour:
  m_ObjectHideFlags: 1
  m_PrefabParentObject: {fileID: 0}
  m_PrefabInternal: {fileID: 100100000}
  m_GameObject: {fileID: 155998}
  m_Enabled: 1
  m_EditorHideFlags: 0
  m_Script: {fileID: 11500000, guid: 6d406d8b892f54ccaa5b0ef4de59944a, type: 3}
  m_Name: 
  m_EditorClassIdentifier: 
  fixTransforms: 1
  references:
    root: {fileID: 451032}
    pelvis: {fileID: 423100}
    leftThigh: {fileID: 491466}
    leftCalf: {fileID: 495420}
    leftFoot: {fileID: 486510}
    rightThigh: {fileID: 450908}
    rightCalf: {fileID: 435540}
    rightFoot: {fileID: 483258}
    leftUpperArm: {fileID: 420488}
    leftForearm: {fileID: 494334}
    leftHand: {fileID: 439572}
    rightUpperArm: {fileID: 441928}
    rightForearm: {fileID: 431142}
    rightHand: {fileID: 434964}
    head: {fileID: 433094}
    spine:
    - {fileID: 463076}
    - {fileID: 426664}
    eyes: []
  solvers:
    leftFoot:
      IKPosition: {x: -0.22230694, y: 0.15280509, z: -0.0000067993237}
      IKPositionWeight: 0
      root: {fileID: 451032}
      target: {fileID: 0}
      IKRotationWeight: 0
      IKRotation: {x: 0.000000026396721, y: -0.0000000060063, z: -0.00000008940697,
        w: 0.99999994}
      bendNormal: {x: 1, y: 0, z: 0}
      bone1:
        transform: {fileID: 491466}
        weight: 1
        solverPosition: {x: 0, y: 0, z: 0}
        solverRotation: {x: 0, y: 0, z: 0, w: 1}
        defaultLocalPosition: {x: -0.25698245, y: -1.4210854e-16, z: 0}
        defaultLocalRotation: {x: -0.00013711104, y: -0.00008424717, z: 0.49917465,
          w: 0.8665014}
        length: 0
        sqrMag: 0
        axis: {x: -1, y: -0, z: -0}
      bone2:
        transform: {fileID: 495420}
        weight: 1
        solverPosition: {x: 0, y: 0, z: 0}
        solverRotation: {x: 0, y: 0, z: 0, w: 1}
        defaultLocalPosition: {x: -0.37452164, y: -7.105427e-17, z: -1.7347234e-20}
        defaultLocalRotation: {x: -0.7075902, y: 0.000006446892, z: -0.000006145912,
          w: 0.706623}
        length: 0
        sqrMag: 0
        axis: {x: -1, y: -0, z: -0}
      bone3:
        transform: {fileID: 486510}
        weight: 1
        solverPosition: {x: 0, y: 0, z: 0}
        solverRotation: {x: 0, y: 0, z: 0, w: 1}
        defaultLocalPosition: {x: -0.38874373, y: 1.20736755e-17, z: 7.342678e-12}
        defaultLocalRotation: {x: 0.50042224, y: 0.5004222, z: -0.49957308, w: 0.49958178}
        length: 0
        sqrMag: 0
        axis: {x: -1, y: -0, z: -0}
      goal: 0
      bendModifier: 0
      maintainRotationWeight: 0
      bendModifierWeight: 1
      bendGoal: {fileID: 0}
    rightFoot:
      IKPosition: {x: 0.222307, y: 0.15280479, z: -0.0000067970577}
      IKPositionWeight: 0
      root: {fileID: 451032}
      target: {fileID: 0}
      IKRotationWeight: 0
      IKRotation: {x: -1.0000001, y: 0.000000059604645, z: -0.00000001340951, w: 0.000000027235215}
      bendNormal: {x: -0.0000044476246, y: 1.5162223e-10, z: -0.000017026206}
      bone1:
        transform: {fileID: 450908}
        weight: 1
        solverPosition: {x: 0, y: 0, z: 0}
        solverRotation: {x: 0, y: 0, z: 0, w: 1}
        defaultLocalPosition: {x: 0.12763838, y: -0.22304337, z: 0}
        defaultLocalRotation: {x: -0.49918568, y: 0.8664699, z: 0.0057249772, w: -0.003284124}
        length: 0
        sqrMag: 0
        axis: {x: -1, y: -0, z: -0}
      bone2:
        transform: {fileID: 435540}
        weight: 1
        solverPosition: {x: 0, y: 0, z: 0}
        solverRotation: {x: 0, y: 0, z: 0, w: 1}
        defaultLocalPosition: {x: 0.374522, y: 3.1974422e-16, z: -1.0987399e-12}
        defaultLocalRotation: {x: -0.70410997, y: -0.000030960506, z: 0.00005181963,
          w: 0.71009094}
        length: 0
        sqrMag: 0
        axis: {x: -1, y: -0, z: -0}
      bone3:
        transform: {fileID: 483258}
        weight: 1
        solverPosition: {x: 0, y: 0, z: 0}
        solverRotation: {x: 0, y: 0, z: 0, w: 1}
        defaultLocalPosition: {x: 0.388744, y: 8.197164e-12, z: -3.690733e-11}
        defaultLocalRotation: {x: 0.50117123, y: 0.5011969, z: -0.498829, w: 0.49879736}
        length: 0
        sqrMag: 0
        axis: {x: -1, y: -0, z: -0}
      goal: 1
      bendModifier: 0
      maintainRotationWeight: 0
      bendModifierWeight: 1
      bendGoal: {fileID: 0}
    leftHand:
      IKPosition: {x: -1.4767201, y: 1.9534698, z: 1.1162499e-16}
      IKPositionWeight: 0
      root: {fileID: 451032}
      target: {fileID: 0}
      IKRotationWeight: 0
      IKRotation: {x: -1.0000001, y: 0.000000029802322, z: -2.2836739e-15, w: 7.273661e-16}
      bendNormal: {x: 1, y: 0, z: 0}
      bone1:
        transform: {fileID: 420488}
        weight: 1
        solverPosition: {x: 0, y: 0, z: 0}
        solverRotation: {x: 0, y: 0, z: 0, w: 1}
        defaultLocalPosition: {x: -0.21910845, y: -0.565232, z: 0}
        defaultLocalRotation: {x: 0, y: 0, z: -0.7071068, w: 0.7071068}
        length: 0
        sqrMag: 0
        axis: {x: -1, y: -0, z: -0}
      bone2:
        transform: {fileID: 494334}
        weight: 1
        solverPosition: {x: 0, y: 0, z: 0}
        solverRotation: {x: 0, y: 0, z: 0, w: 1}
        defaultLocalPosition: {x: 0.471188, y: 0, z: 5.77041e-17}
        defaultLocalRotation: {x: 0, y: 0, z: -2.3869795e-15, w: 1}
        length: 0
        sqrMag: 0
        axis: {x: -1, y: -0, z: -0}
      bone3:
        transform: {fileID: 439572}
        weight: 1
        solverPosition: {x: 0, y: 0, z: 0}
        solverRotation: {x: 0, y: 0, z: 0, w: 1}
        defaultLocalPosition: {x: 0.4403, y: -5.684342e-16, z: 5.39209e-17}
        defaultLocalRotation: {x: -1.7658669e-13, y: 1, z: -7.2736614e-16, w: -2.2836737e-15}
        length: 0
        sqrMag: 0
        axis: {x: -1, y: -0, z: -0}
      goal: 2
      bendModifier: 0
      maintainRotationWeight: 0
      bendModifierWeight: 1
      bendGoal: {fileID: 0}
    rightHand:
      IKPosition: {x: 1.4767218, y: 1.9534699, z: 1.1176581e-16}
      IKPositionWeight: 0
      root: {fileID: 451032}
      target: {fileID: 0}
      IKRotationWeight: 0
      IKRotation: {x: 1.2326878e-15, y: -1.8534398e-15, z: -0.000000029802322, w: 1.0000001}
      bendNormal: {x: 1, y: 0, z: 0}
      bone1:
        transform: {fileID: 441928}
        weight: 1
        solverPosition: {x: 0, y: 0, z: 0}
        solverRotation: {x: 0, y: 0, z: 0, w: 1}
        defaultLocalPosition: {x: -0.21910845, y: 0.565232, z: 0}
        defaultLocalRotation: {x: -0.7071068, y: 0.7071068, z: 4.3352284e-17, w: -4.3243328e-17}
        length: 0
        sqrMag: 0
        axis: {x: -1, y: -0, z: -0}
      bone2:
        transform: {fileID: 431142}
        weight: 1
        solverPosition: {x: 0, y: 0, z: 0}
        solverRotation: {x: 0, y: 0, z: 0, w: 1}
        defaultLocalPosition: {x: -0.47118998, y: 5.684342e-16, z: -5.770413e-17}
        defaultLocalRotation: {x: 0, y: 0, z: 8.3266727e-16, w: 1}
        length: 0
        sqrMag: 0
        axis: {x: -1, y: -0, z: -0}
      bone3:
        transform: {fileID: 434964}
        weight: 1
        solverPosition: {x: 0, y: 0, z: 0}
        solverRotation: {x: 0, y: 0, z: 0, w: 1}
        defaultLocalPosition: {x: -0.4403, y: -8.5265126e-16, z: -5.3921198e-17}
        defaultLocalRotation: {x: 1.4105955e-13, y: 1, z: -1.1714554e-15, w: 1.8533623e-15}
        length: 0
        sqrMag: 0
        axis: {x: -1, y: -0, z: -0}
      goal: 3
      bendModifier: 0
      maintainRotationWeight: 0
      bendModifierWeight: 1
      bendGoal: {fileID: 0}
    spine:
      IKPosition: {x: -0.000000059604645, y: 1.7343614, z: 0}
      IKPositionWeight: 0
      root: {fileID: 451032}
      target: {fileID: 0}
      tolerance: 0
      maxIterations: 2
      useRotationLimits: 0
      XY: 0
      bones:
      - transform: {fileID: 463076}
        weight: 1
        solverPosition: {x: 9.313226e-10, y: 1.0640363, z: 0}
        solverRotation: {x: -0, y: -0, z: 0.7071068, w: -0.70710677}
        defaultLocalPosition: {x: 0.009555898, y: 0.016478358, z: 0}
        defaultLocalRotation: {x: -0, y: 0, z: 0.86650366, w: -0.49917072}
        length: 0.67032516
        sqrMag: 0
        axis: {x: -0.67032516, y: -0.00000014044495, z: 0}
      - transform: {fileID: 426664}
        weight: 1
        solverPosition: {x: -0.000000059604645, y: 1.7343614, z: 0}
        solverRotation: {x: -0, y: -0, z: 0.7071068, w: -0.70710677}
        defaultLocalPosition: {x: -0.6703252, y: 3.7986005e-16, z: 0}
        defaultLocalRotation: {x: 0, y: 0, z: -1.6102571e-15, w: 1}
        length: 0
        sqrMag: 0
        axis: {x: -0.67032516, y: -0.00000014044495, z: 0}
    lookAt:
      IKPosition: {x: -0.000000059604645, y: 1.7343614, z: 3}
      IKPositionWeight: 0
      root: {fileID: 451032}
      target: {fileID: 0}
      spine:
      - transform: {fileID: 463076}
        weight: 1
        solverPosition: {x: 0, y: 0, z: 0}
        solverRotation: {x: 0, y: 0, z: 0, w: 1}
        defaultLocalPosition: {x: 0.009555898, y: 0.016478358, z: 0}
        defaultLocalRotation: {x: -0, y: 0, z: 0.86650366, w: -0.49917072}
        length: 0
        sqrMag: 0
        axis: {x: -0, y: 0, z: 1}
      - transform: {fileID: 426664}
        weight: 1
        solverPosition: {x: 0, y: 0, z: 0}
        solverRotation: {x: 0, y: 0, z: 0, w: 1}
        defaultLocalPosition: {x: -0.6703252, y: 3.7986005e-16, z: 0}
        defaultLocalRotation: {x: 0, y: 0, z: -1.6102571e-15, w: 1}
        length: 0
        sqrMag: 0
        axis: {x: -0, y: 0, z: 1}
      head:
        transform: {fileID: 433094}
        weight: 1
        solverPosition: {x: 0, y: 0, z: 0}
        solverRotation: {x: 0, y: 0, z: 0, w: 1}
        defaultLocalPosition: {x: -0.3106261, y: 6.897285e-17, z: 0}
        defaultLocalRotation: {x: 0, y: 0, z: -1.6653345e-15, w: 1}
        length: 0
        sqrMag: 0
        axis: {x: -0, y: 0, z: 1}
      eyes: []
      bodyWeight: 0.5
      headWeight: 1
      eyesWeight: 1
      clampWeight: 0.5
      clampWeightHead: 0.7
      clampWeightEyes: 0.5
      clampSmoothing: 2
      spineWeightCurve:
        serializedVersion: 2
        m_Curve:
        - serializedVersion: 2
          time: 0
          value: 0.3
          inSlope: 0
          outSlope: 0
          tangentMode: 0
        - serializedVersion: 2
          time: 1
          value: 1
          inSlope: 0
          outSlope: 0
          tangentMode: 0
        m_PreInfinity: 2
        m_PostInfinity: 2
        m_RotationOrder: 4
      spineTargetOffset: {x: 0, y: 0, z: 0}
    aim:
      IKPosition: {x: 0, y: 0, z: 0}
      IKPositionWeight: 0
      root: {fileID: 451032}
      target: {fileID: 0}
      tolerance: 0
      maxIterations: 2
      useRotationLimits: 1
      XY: 0
      bones:
      - transform: {fileID: 463076}
        weight: 1
        solverPosition: {x: 0, y: 0, z: 0}
        solverRotation: {x: 0, y: 0, z: 0, w: 1}
        defaultLocalPosition: {x: 0.009555898, y: 0.016478358, z: 0}
        defaultLocalRotation: {x: -0, y: 0, z: 0.86650366, w: -0.49917072}
        length: 0
        sqrMag: 0
        axis: {x: -1, y: -0, z: -0}
      - transform: {fileID: 426664}
        weight: 1
        solverPosition: {x: 0, y: 0, z: 0}
        solverRotation: {x: 0, y: 0, z: 0, w: 1}
        defaultLocalPosition: {x: -0.6703252, y: 3.7986005e-16, z: 0}
        defaultLocalRotation: {x: 0, y: 0, z: -1.6102571e-15, w: 1}
        length: 0
        sqrMag: 0
        axis: {x: -1, y: -0, z: -0}
      transform: {fileID: 0}
      axis: {x: 0, y: 0, z: 1}
      poleAxis: {x: 0, y: 1, z: 0}
      polePosition: {x: 0, y: 0, z: 0}
      poleWeight: 0
      poleTarget: {fileID: 0}
      clampWeight: 0.1
      clampSmoothing: 2
    pelvis:
      transform: {fileID: 423100}
      target: {fileID: 0}
      positionOffset: {x: 0, y: 0, z: 0}
      position: {x: 0, y: 1.0449876, z: 0}
      positionWeight: 0
      rotationOffset: {x: 0, y: 0, z: 0}
      rotation: {x: -0, y: -0, z: 30.109701}
      rotationWeight: 0
--- !u!137 &13796528
SkinnedMeshRenderer:
  m_ObjectHideFlags: 1
  m_PrefabParentObject: {fileID: 0}
  m_PrefabInternal: {fileID: 100100000}
  m_GameObject: {fileID: 113072}
  m_Enabled: 1
  m_CastShadows: 1
  m_ReceiveShadows: 1
  m_DynamicOccludee: 1
  m_MotionVectors: 1
  m_LightProbeUsage: 1
  m_ReflectionProbeUsage: 1
  m_Materials:
  - {fileID: 2100000, guid: 1bd14d8405daa364f865d7b08089f5b1, type: 2}
  m_StaticBatchInfo:
    firstSubMesh: 0
    subMeshCount: 0
  m_StaticBatchRoot: {fileID: 0}
  m_ProbeAnchor: {fileID: 0}
  m_LightProbeVolumeOverride: {fileID: 0}
  m_ScaleInLightmap: 1
  m_PreserveUVs: 0
  m_IgnoreNormalsForChartDetection: 0
  m_ImportantGI: 0
  m_StitchLightmapSeams: 0
  m_SelectedEditorRenderState: 3
  m_MinimumChartSize: 4
  m_AutoUVMaxDistance: 0.5
  m_AutoUVMaxAngle: 89
  m_LightmapParameters: {fileID: 0}
  m_SortingLayerID: 0
  m_SortingLayer: 0
  m_SortingOrder: 0
  serializedVersion: 2
  m_Quality: 0
  m_UpdateWhenOffscreen: 0
  m_SkinnedMotionVectors: 1
  m_Mesh: {fileID: 4300056, guid: dbbc53a6bc8f5c64bb234194ce1380aa, type: 3}
  m_Bones:
  - {fileID: 430330}
  - {fileID: 423100}
  - {fileID: 491466}
  - {fileID: 495420}
  - {fileID: 486510}
  - {fileID: 450908}
  - {fileID: 435540}
  - {fileID: 483258}
  - {fileID: 463076}
  - {fileID: 426664}
  - {fileID: 433094}
  - {fileID: 429050}
  - {fileID: 441928}
  - {fileID: 431142}
  - {fileID: 434964}
  - {fileID: 420488}
  - {fileID: 494334}
  - {fileID: 439572}
  m_BlendShapeWeights: []
  m_RootBone: {fileID: 430330}
  m_AABB:
    m_Center: {x: 0.00000166893, y: 1.4134798, z: -0.11796078}
    m_Extent: {x: 1.6845055, y: 1.41348, z: 0.5762559}
  m_DirtyAABB: 0
--- !u!195 &19598864
NavMeshAgent:
  m_ObjectHideFlags: 1
  m_PrefabParentObject: {fileID: 0}
  m_PrefabInternal: {fileID: 100100000}
  m_GameObject: {fileID: 155998}
  m_Enabled: 0
  m_AgentTypeID: 0
  m_Radius: 0.6
  m_Speed: 3.5
  m_Acceleration: 0.5
  avoidancePriority: 50
  m_AngularSpeed: 360
  m_StoppingDistance: 2
  m_AutoTraverseOffMeshLink: 0
  m_AutoBraking: 1
  m_AutoRepath: 1
  m_Height: 3
  m_BaseOffset: 0
  m_WalkableMask: 4294967295
  m_ObstacleAvoidanceType: 0
--- !u!1001 &100100000
Prefab:
  m_ObjectHideFlags: 1
  serializedVersion: 2
  m_Modification:
    m_TransformParent: {fileID: 0}
    m_Modifications: []
    m_RemovedComponents: []
  m_ParentPrefab: {fileID: 0}
  m_RootGameObject: {fileID: 155998}
  m_IsPrefabParent: 1
--- !u!114 &114576335810428096
MonoBehaviour:
  m_ObjectHideFlags: 1
  m_PrefabParentObject: {fileID: 0}
  m_PrefabInternal: {fileID: 100100000}
  m_GameObject: {fileID: 155998}
  m_Enabled: 1
  m_EditorHideFlags: 0
  m_Script: {fileID: 11500000, guid: 2bc407e4da51150449ad024747f671b5, type: 3}
  m_Name: 
  m_EditorClassIdentifier: 
  emissionColor:
    r: 1
    g: 1
    b: 1
    a: 0
  children: 1
