%YAML 1.1
%TAG !u! tag:unity3d.com,2011:
--- !u!1 &145890
GameObject:
  m_ObjectHideFlags: 0
  m_PrefabParentObject: {fileID: 0}
  m_PrefabInternal: {fileID: 100100000}
  serializedVersion: 5
  m_Component:
  - component: {fileID: 476948}
  - component: {fileID: 3364078}
  - component: {fileID: 2397582}
  - component: {fileID: 6568398}
  - component: {fileID: 6582402}
  - component: {fileID: 6500190}
  - component: {fileID: 11483070}
  - component: {fileID: 11437196}
  m_Layer: 0
  m_Name: ZX_Env_Road_Bend_Right_01
  m_TagString: Untagged
  m_Icon: {fileID: 0}
  m_NavMeshLayer: 0
  m_StaticEditorFlags: 0
  m_IsActive: 1
--- !u!4 &476948
Transform:
  m_ObjectHideFlags: 1
  m_PrefabParentObject: {fileID: 0}
  m_PrefabInternal: {fileID: 100100000}
  m_GameObject: {fileID: 145890}
  m_LocalRotation: {x: 0, y: 0, z: 0, w: 1}
  m_LocalPosition: {x: 0, y: 0, z: 0}
  m_LocalScale: {x: 1, y: 1, z: 1}
  m_Children: []
  m_Father: {fileID: 0}
  m_RootOrder: 0
  m_LocalEulerAnglesHint: {x: 0, y: 0, z: 0}
--- !u!23 &2397582
MeshRenderer:
  m_ObjectHideFlags: 1
  m_PrefabParentObject: {fileID: 0}
  m_PrefabInternal: {fileID: 100100000}
  m_GameObject: {fileID: 145890}
  m_Enabled: 1
  m_CastShadows: 1
  m_ReceiveShadows: 1
  m_DynamicOccludee: 1
  m_MotionVectors: 1
  m_LightProbeUsage: 1
  m_ReflectionProbeUsage: 1
  m_Materials:
  - {fileID: 2100000, guid: 965e421d30d6a2a419dfd5b3597456b8, type: 2}
  m_StaticBatchInfo:
    firstSubMesh: 0
    subMeshCount: 0
  m_StaticBatchRoot: {fileID: 0}
  m_ProbeAnchor: {fileID: 0}
  m_LightProbeVolumeOverride: {fileID: 0}
  m_ScaleInLightmap: 1
  m_PreserveUVs: 0
  m_IgnoreNormalsForChartDetection: 0
  m_ImportantGI: 0
  m_StitchLightmapSeams: 0
  m_SelectedEditorRenderState: 3
  m_MinimumChartSize: 4
  m_AutoUVMaxDistance: 0.5
  m_AutoUVMaxAngle: 89
  m_LightmapParameters: {fileID: 0}
  m_SortingLayerID: 0
  m_SortingLayer: 0
  m_SortingOrder: 0
--- !u!33 &3364078
MeshFilter:
  m_ObjectHideFlags: 1
  m_PrefabParentObject: {fileID: 0}
  m_PrefabInternal: {fileID: 100100000}
  m_GameObject: {fileID: 145890}
  m_Mesh: {fileID: 4300000, guid: 98896959725bc6747990c46e40a868fb, type: 3}
--- !u!65 &6500190
BoxCollider:
  m_ObjectHideFlags: 1
  m_PrefabParentObject: {fileID: 0}
  m_PrefabInternal: {fileID: 100100000}
  m_GameObject: {fileID: 145890}
  m_Material: {fileID: 0}
  m_IsTrigger: 0
  m_Enabled: 1
  serializedVersion: 2
  m_Size: {x: 2.151032, y: 0.19479585, z: 2.8719919}
  m_Center: {x: 1.075516, y: -0.09739792, z: -1.4359959}
--- !u!65 &6568398
BoxCollider:
  m_ObjectHideFlags: 1
  m_PrefabParentObject: {fileID: 0}
  m_PrefabInternal: {fileID: 100100000}
  m_GameObject: {fileID: 145890}
  m_Material: {fileID: 0}
  m_IsTrigger: 0
  m_Enabled: 1
  serializedVersion: 2
  m_Size: {x: 2.8530552, y: 0.19479585, z: 10}
  m_Center: {x: 3.5734649, y: -0.09739792, z: -5}
--- !u!65 &6582402
BoxCollider:
  m_ObjectHideFlags: 1
  m_PrefabParentObject: {fileID: 0}
  m_PrefabInternal: {fileID: 100100000}
  m_GameObject: {fileID: 145890}
  m_Material: {fileID: 0}
  m_IsTrigger: 0
  m_Enabled: 1
  serializedVersion: 2
  m_Size: {x: 2.1354542, y: -0.002124548, z: 7.131424}
  m_Center: {x: 1.0677271, y: -0.19585812, z: -6.434288}
--- !u!114 &11437196
MonoBehaviour:
  m_ObjectHideFlags: 1
  m_PrefabParentObject: {fileID: 0}
  m_PrefabInternal: {fileID: 100100000}
  m_GameObject: {fileID: 145890}
  m_Enabled: 1
  m_EditorHideFlags: 0
  m_Script: {fileID: 11500000, guid: a57e0e363027e48458f117bb7d1b39ff, type: 3}
  m_Name: 
  m_EditorClassIdentifier: 
  materialsList:
  - matName: ZX_Mat_SimpleApocalypse
    usingShader: 
    shaderVisible: 1
    animate:
    - propertyName: _MainTex
      AnimateUV: 0
      instantiate: 1
      ScrollSpeed: {x: -0.4, y: 0}
      UVOffset: {x: 0, y: 0}
      RotateSpeed: 100
      UVRotate: 0
      RotatePivot: {x: 0.5, y: 0.5}
      matrix: _MainTexMatrix
--- !u!114 &11483070
MonoBehaviour:
  m_ObjectHideFlags: 1
  m_PrefabParentObject: {fileID: 0}
  m_PrefabInternal: {fileID: 100100000}
  m_GameObject: {fileID: 145890}
  m_Enabled: 1
  m_EditorHideFlags: 0
  m_Script: {fileID: 11500000, guid: 4e5239626e8d44f429c916a6cbe971c9, type: 3}
  m_Name: 
  m_EditorClassIdentifier: 
  materialType: 2
  density: 0
  health: 0
  particleEffects: 1
  blocksVision: 0
  highlightObject: 0
--- !u!1001 &100100000
Prefab:
  m_ObjectHideFlags: 1
  serializedVersion: 2
  m_Modification:
    m_TransformParent: {fileID: 0}
    m_Modifications: []
    m_RemovedComponents: []
  m_ParentPrefab: {fileID: 0}
  m_RootGameObject: {fileID: 145890}
  m_IsPrefabParent: 1
