%YAML 1.1
%TAG !u! tag:unity3d.com,2011:
--- !u!1001 &100100000
Prefab:
  m_ObjectHideFlags: 1
  serializedVersion: 2
  m_Modification:
    m_TransformParent: {fileID: 0}
    m_Modifications: []
    m_RemovedComponents: []
  m_ParentPrefab: {fileID: 0}
  m_RootGameObject: {fileID: 1000010519570632}
  m_IsPrefabParent: 1
--- !u!1 &1000010087088990
GameObject:
  m_ObjectHideFlags: 1
  m_PrefabParentObject: {fileID: 0}
  m_PrefabInternal: {fileID: 100100000}
  serializedVersion: 5
  m_Component:
  - component: {fileID: 4000010630608380}
  m_Layer: 16
  m_Name: Spine_jnt
  m_TagString: Untagged
  m_Icon: {fileID: 0}
  m_NavMeshLayer: 0
  m_StaticEditorFlags: 0
  m_IsActive: 1
--- !u!1 &1000010185921044
GameObject:
  m_ObjectHideFlags: 1
  m_PrefabParentObject: {fileID: 0}
  m_PrefabInternal: {fileID: 100100000}
  serializedVersion: 5
  m_Component:
  - component: {fileID: 4000013029594080}
  - component: {fileID: 33000011269617512}
  - component: {fileID: 23000010059662642}
  - component: {fileID: 114000011188942924}
  m_Layer: 16
  m_Name: SpecialForcesMesh
  m_TagString: Untagged
  m_Icon: {fileID: 0}
  m_NavMeshLayer: 0
  m_StaticEditorFlags: 0
  m_IsActive: 1
--- !u!1 &1000010519570632
GameObject:
  m_ObjectHideFlags: 0
  m_PrefabParentObject: {fileID: 0}
  m_PrefabInternal: {fileID: 100100000}
  serializedVersion: 5
  m_Component:
  - component: {fileID: 4000012674812618}
  - component: {fileID: 95000014270233644}
  - component: {fileID: 195000010233673760}
  - component: {fileID: 114000012033360638}
  - component: {fileID: 114000012926241674}
  - component: {fileID: 114000011411130464}
  - component: {fileID: 114000010549225854}
  m_Layer: 16
  m_Name: ZX_Char_Raider_3
  m_TagString: Untagged
  m_Icon: {fileID: 0}
  m_NavMeshLayer: 0
  m_StaticEditorFlags: 0
  m_IsActive: 0
--- !u!1 &1000010842486462
GameObject:
  m_ObjectHideFlags: 1
  m_PrefabParentObject: {fileID: 0}
  m_PrefabInternal: {fileID: 100100000}
  serializedVersion: 5
  m_Component:
  - component: {fileID: 4000012276011078}
  m_Layer: 16
  m_Name: LowerArm_Left_jnt
  m_TagString: Untagged
  m_Icon: {fileID: 0}
  m_NavMeshLayer: 0
  m_StaticEditorFlags: 0
  m_IsActive: 1
--- !u!1 &1000010926292106
GameObject:
  m_ObjectHideFlags: 1
  m_PrefabParentObject: {fileID: 0}
  m_PrefabInternal: {fileID: 100100000}
  serializedVersion: 5
  m_Component:
  - component: {fileID: 4000013286909920}
  - component: {fileID: 33000012875424038}
  - component: {fileID: 23000013279466292}
  - component: {fileID: 114000010912595088}
  m_Layer: 16
  m_Name: GasMask_mesh (1)
  m_TagString: Untagged
  m_Icon: {fileID: 0}
  m_NavMeshLayer: 0
  m_StaticEditorFlags: 0
  m_IsActive: 1
--- !u!1 &1000010993803564
GameObject:
  m_ObjectHideFlags: 1
  m_PrefabParentObject: {fileID: 0}
  m_PrefabInternal: {fileID: 100100000}
  serializedVersion: 5
  m_Component:
  - component: {fileID: 4000011643219584}
  m_Layer: 16
  m_Name: Hand_Right_jnt
  m_TagString: Untagged
  m_Icon: {fileID: 0}
  m_NavMeshLayer: 0
  m_StaticEditorFlags: 0
  m_IsActive: 1
--- !u!1 &1000011128967352
GameObject:
  m_ObjectHideFlags: 1
  m_PrefabParentObject: {fileID: 0}
  m_PrefabInternal: {fileID: 100100000}
  serializedVersion: 5
  m_Component:
  - component: {fileID: 4000012539411600}
  m_Layer: 16
  m_Name: LowerLeg_Left_jnt
  m_TagString: Untagged
  m_Icon: {fileID: 0}
  m_NavMeshLayer: 0
  m_StaticEditorFlags: 0
  m_IsActive: 1
--- !u!1 &1000011321309382
GameObject:
  m_ObjectHideFlags: 0
  m_PrefabParentObject: {fileID: 0}
  m_PrefabInternal: {fileID: 100100000}
  serializedVersion: 5
  m_Component:
  - component: {fileID: 4000014095606346}
  - component: {fileID: 137000014013429754}
  m_Layer: 16
  m_Name: Base_Mesh
  m_TagString: Untagged
  m_Icon: {fileID: 0}
  m_NavMeshLayer: 0
  m_StaticEditorFlags: 0
  m_IsActive: 1
--- !u!1 &1000011331025634
GameObject:
  m_ObjectHideFlags: 1
  m_PrefabParentObject: {fileID: 0}
  m_PrefabInternal: {fileID: 100100000}
  serializedVersion: 5
  m_Component:
  - component: {fileID: 4000010923808988}
  m_Layer: 16
  m_Name: Hand_Left_jnt
  m_TagString: Untagged
  m_Icon: {fileID: 0}
  m_NavMeshLayer: 0
  m_StaticEditorFlags: 0
  m_IsActive: 1
--- !u!1 &1000011735207952
GameObject:
  m_ObjectHideFlags: 1
  m_PrefabParentObject: {fileID: 0}
  m_PrefabInternal: {fileID: 100100000}
  serializedVersion: 5
  m_Component:
  - component: {fileID: 4000010511876634}
  m_Layer: 16
  m_Name: UpperLeg_Right_jnt
  m_TagString: Untagged
  m_Icon: {fileID: 0}
  m_NavMeshLayer: 0
  m_StaticEditorFlags: 0
  m_IsActive: 1
--- !u!1 &1000011905469368
GameObject:
  m_ObjectHideFlags: 1
  m_PrefabParentObject: {fileID: 0}
  m_PrefabInternal: {fileID: 100100000}
  serializedVersion: 5
  m_Component:
  - component: {fileID: 4000012585872478}
  m_Layer: 16
  m_Name: UpperArm_Right_jnt
  m_TagString: Untagged
  m_Icon: {fileID: 0}
  m_NavMeshLayer: 0
  m_StaticEditorFlags: 0
  m_IsActive: 1
--- !u!1 &1000012079753934
GameObject:
  m_ObjectHideFlags: 1
  m_PrefabParentObject: {fileID: 0}
  m_PrefabInternal: {fileID: 100100000}
  serializedVersion: 5
  m_Component:
  - component: {fileID: 4000012787183130}
  m_Layer: 16
  m_Name: Body_jnt
  m_TagString: Untagged
  m_Icon: {fileID: 0}
  m_NavMeshLayer: 0
  m_StaticEditorFlags: 0
  m_IsActive: 1
--- !u!1 &1000012120156682
GameObject:
  m_ObjectHideFlags: 1
  m_PrefabParentObject: {fileID: 0}
  m_PrefabInternal: {fileID: 100100000}
  serializedVersion: 5
  m_Component:
  - component: {fileID: 4000011376382794}
  m_Layer: 16
  m_Name: Foot_Left_jnt
  m_TagString: Untagged
  m_Icon: {fileID: 0}
  m_NavMeshLayer: 0
  m_StaticEditorFlags: 0
  m_IsActive: 1
--- !u!1 &1000012260164484
GameObject:
  m_ObjectHideFlags: 1
  m_PrefabParentObject: {fileID: 0}
  m_PrefabInternal: {fileID: 100100000}
  serializedVersion: 5
  m_Component:
  - component: {fileID: 4000010175596638}
  m_Layer: 16
  m_Name: UpperLeg_Left_jnt
  m_TagString: Untagged
  m_Icon: {fileID: 0}
  m_NavMeshLayer: 0
  m_StaticEditorFlags: 0
  m_IsActive: 1
--- !u!1 &1000012466448362
GameObject:
  m_ObjectHideFlags: 1
  m_PrefabParentObject: {fileID: 0}
  m_PrefabInternal: {fileID: 100100000}
  serializedVersion: 5
  m_Component:
  - component: {fileID: 4000012836961322}
  m_Layer: 16
  m_Name: Hat_jnt
  m_TagString: Untagged
  m_Icon: {fileID: 0}
  m_NavMeshLayer: 0
  m_StaticEditorFlags: 0
  m_IsActive: 1
--- !u!1 &1000012652885358
GameObject:
  m_ObjectHideFlags: 1
  m_PrefabParentObject: {fileID: 0}
  m_PrefabInternal: {fileID: 100100000}
  serializedVersion: 5
  m_Component:
  - component: {fileID: 4000013187267762}
  m_Layer: 16
  m_Name: Hips_jnt
  m_TagString: Untagged
  m_Icon: {fileID: 0}
  m_NavMeshLayer: 0
  m_StaticEditorFlags: 0
  m_IsActive: 1
--- !u!1 &1000012892203756
GameObject:
  m_ObjectHideFlags: 1
  m_PrefabParentObject: {fileID: 0}
  m_PrefabInternal: {fileID: 100100000}
  serializedVersion: 5
  m_Component:
  - component: {fileID: 4000010507060072}
  m_Layer: 16
  m_Name: LowerLeg_Right_jnt
  m_TagString: Untagged
  m_Icon: {fileID: 0}
  m_NavMeshLayer: 0
  m_StaticEditorFlags: 0
  m_IsActive: 1
--- !u!1 &1000013459775052
GameObject:
  m_ObjectHideFlags: 1
  m_PrefabParentObject: {fileID: 0}
  m_PrefabInternal: {fileID: 100100000}
  serializedVersion: 5
  m_Component:
  - component: {fileID: 4000010080215906}
  m_Layer: 16
  m_Name: UpperArm_Left_jnt
  m_TagString: Untagged
  m_Icon: {fileID: 0}
  m_NavMeshLayer: 0
  m_StaticEditorFlags: 0
  m_IsActive: 1
--- !u!1 &1000013522901986
GameObject:
  m_ObjectHideFlags: 1
  m_PrefabParentObject: {fileID: 0}
  m_PrefabInternal: {fileID: 100100000}
  serializedVersion: 5
  m_Component:
  - component: {fileID: 4000011190865540}
  m_Layer: 16
  m_Name: Foot_Right_jnt
  m_TagString: Untagged
  m_Icon: {fileID: 0}
  m_NavMeshLayer: 0
  m_StaticEditorFlags: 0
  m_IsActive: 1
--- !u!1 &1000013746844872
GameObject:
  m_ObjectHideFlags: 1
  m_PrefabParentObject: {fileID: 0}
  m_PrefabInternal: {fileID: 100100000}
  serializedVersion: 5
  m_Component:
  - component: {fileID: 4000013228223412}
  m_Layer: 16
  m_Name: LowerArm_Right_jnt
  m_TagString: Untagged
  m_Icon: {fileID: 0}
  m_NavMeshLayer: 0
  m_StaticEditorFlags: 0
  m_IsActive: 1
--- !u!1 &1000014099278152
GameObject:
  m_ObjectHideFlags: 1
  m_PrefabParentObject: {fileID: 0}
  m_PrefabInternal: {fileID: 100100000}
  serializedVersion: 5
  m_Component:
  - component: {fileID: 4000010689205506}
  m_Layer: 16
  m_Name: Head_jnt
  m_TagString: Untagged
  m_Icon: {fileID: 0}
  m_NavMeshLayer: 0
  m_StaticEditorFlags: 0
  m_IsActive: 1
--- !u!1 &1000014144623110
GameObject:
  m_ObjectHideFlags: 0
  m_PrefabParentObject: {fileID: 0}
  m_PrefabInternal: {fileID: 100100000}
  serializedVersion: 5
  m_Component:
  - component: {fileID: 4000010019478140}
  m_Layer: 16
  m_Name: Root_jnt
  m_TagString: Untagged
  m_Icon: {fileID: 0}
  m_NavMeshLayer: 0
  m_StaticEditorFlags: 0
  m_IsActive: 1
--- !u!4 &4000010019478140
Transform:
  m_ObjectHideFlags: 1
  m_PrefabParentObject: {fileID: 0}
  m_PrefabInternal: {fileID: 100100000}
  m_GameObject: {fileID: 1000014144623110}
  m_LocalRotation: {x: 0, y: 0, z: 0, w: 1}
  m_LocalPosition: {x: 0, y: 0, z: 0}
  m_LocalScale: {x: 1, y: 1, z: 1}
  m_Children:
  - {fileID: 4000013187267762}
  m_Father: {fileID: 4000012674812618}
  m_RootOrder: 0
  m_LocalEulerAnglesHint: {x: 0, y: 0, z: 0}
--- !u!4 &4000010080215906
Transform:
  m_ObjectHideFlags: 1
  m_PrefabParentObject: {fileID: 0}
  m_PrefabInternal: {fileID: 100100000}
  m_GameObject: {fileID: 1000013459775052}
  m_LocalRotation: {x: 0, y: -0, z: -0.7071068, w: 0.7071068}
  m_LocalPosition: {x: -0.21910845, y: -0.565232, z: 0}
  m_LocalScale: {x: 1, y: 1, z: 1}
  m_Children:
  - {fileID: 4000012276011078}
  m_Father: {fileID: 4000010630608380}
  m_RootOrder: 1
  m_LocalEulerAnglesHint: {x: 0, y: 0, z: 0}
--- !u!4 &4000010175596638
Transform:
  m_ObjectHideFlags: 1
  m_PrefabParentObject: {fileID: 0}
  m_PrefabInternal: {fileID: 100100000}
  m_GameObject: {fileID: 1000012260164484}
  m_LocalRotation: {x: -0.00013711104, y: -0.00008424717, z: 0.49917465, w: 0.8665014}
  m_LocalPosition: {x: -0.25698245, y: -1.4210854e-16, z: 0}
  m_LocalScale: {x: 1, y: 1, z: 1}
  m_Children:
  - {fileID: 4000012539411600}
  m_Father: {fileID: 4000013187267762}
  m_RootOrder: 1
  m_LocalEulerAnglesHint: {x: 0, y: 0, z: 0}
--- !u!4 &4000010507060072
Transform:
  m_ObjectHideFlags: 1
  m_PrefabParentObject: {fileID: 0}
  m_PrefabInternal: {fileID: 100100000}
  m_GameObject: {fileID: 1000012892203756}
  m_LocalRotation: {x: -0.70410997, y: -0.000030960506, z: 0.00005181963, w: 0.71009094}
  m_LocalPosition: {x: 0.374522, y: 3.1974422e-16, z: -1.0987399e-12}
  m_LocalScale: {x: 1, y: 1, z: 1}
  m_Children:
  - {fileID: 4000011190865540}
  m_Father: {fileID: 4000010511876634}
  m_RootOrder: 0
  m_LocalEulerAnglesHint: {x: 0, y: 0, z: 0}
--- !u!4 &4000010511876634
Transform:
  m_ObjectHideFlags: 1
  m_PrefabParentObject: {fileID: 0}
  m_PrefabInternal: {fileID: 100100000}
  m_GameObject: {fileID: 1000011735207952}
  m_LocalRotation: {x: -0.49918568, y: 0.8664699, z: 0.0057249772, w: -0.003284124}
  m_LocalPosition: {x: 0.12763838, y: -0.22304337, z: 0}
  m_LocalScale: {x: 1, y: 1, z: 1}
  m_Children:
  - {fileID: 4000010507060072}
  m_Father: {fileID: 4000013187267762}
  m_RootOrder: 2
  m_LocalEulerAnglesHint: {x: 0, y: 0, z: 0}
--- !u!4 &4000010630608380
Transform:
  m_ObjectHideFlags: 1
  m_PrefabParentObject: {fileID: 0}
  m_PrefabInternal: {fileID: 100100000}
  m_GameObject: {fileID: 1000010087088990}
  m_LocalRotation: {x: 0, y: -0, z: -1.6102571e-15, w: 1}
  m_LocalPosition: {x: -0.6703252, y: 3.7986005e-16, z: 0}
  m_LocalScale: {x: 1, y: 1, z: 1}
  m_Children:
  - {fileID: 4000010689205506}
  - {fileID: 4000010080215906}
  - {fileID: 4000012585872478}
  m_Father: {fileID: 4000012787183130}
  m_RootOrder: 0
  m_LocalEulerAnglesHint: {x: 0, y: 0, z: 0}
--- !u!4 &4000010689205506
Transform:
  m_ObjectHideFlags: 1
  m_PrefabParentObject: {fileID: 0}
  m_PrefabInternal: {fileID: 100100000}
  m_GameObject: {fileID: 1000014099278152}
  m_LocalRotation: {x: 0, y: -0, z: -1.6653345e-15, w: 1}
  m_LocalPosition: {x: -0.3106261, y: 6.897285e-17, z: 0}
  m_LocalScale: {x: 1, y: 1, z: 1}
  m_Children:
  - {fileID: 4000012836961322}
  m_Father: {fileID: 4000010630608380}
  m_RootOrder: 0
  m_LocalEulerAnglesHint: {x: 0, y: 0, z: 0}
--- !u!4 &4000010923808988
Transform:
  m_ObjectHideFlags: 1
  m_PrefabParentObject: {fileID: 0}
  m_PrefabInternal: {fileID: 100100000}
  m_GameObject: {fileID: 1000011331025634}
  m_LocalRotation: {x: -1.7658669e-13, y: 1, z: -7.2736614e-16, w: -2.2836737e-15}
  m_LocalPosition: {x: 0.4403, y: -5.684342e-16, z: 5.39209e-17}
  m_LocalScale: {x: 1, y: 1, z: 1}
  m_Children: []
  m_Father: {fileID: 4000012276011078}
  m_RootOrder: 0
  m_LocalEulerAnglesHint: {x: 0, y: 0, z: 0}
--- !u!4 &4000011190865540
Transform:
  m_ObjectHideFlags: 1
  m_PrefabParentObject: {fileID: 0}
  m_PrefabInternal: {fileID: 100100000}
  m_GameObject: {fileID: 1000013522901986}
  m_LocalRotation: {x: 0.50117123, y: 0.5011969, z: -0.498829, w: 0.49879736}
  m_LocalPosition: {x: 0.388744, y: 8.197164e-12, z: -3.690733e-11}
  m_LocalScale: {x: 1, y: 1, z: 1}
  m_Children: []
  m_Father: {fileID: 4000010507060072}
  m_RootOrder: 0
  m_LocalEulerAnglesHint: {x: 0, y: 0, z: 0}
--- !u!4 &4000011376382794
Transform:
  m_ObjectHideFlags: 1
  m_PrefabParentObject: {fileID: 0}
  m_PrefabInternal: {fileID: 100100000}
  m_GameObject: {fileID: 1000012120156682}
  m_LocalRotation: {x: 0.50042224, y: 0.5004222, z: -0.49957308, w: 0.49958178}
  m_LocalPosition: {x: -0.38874373, y: 1.20736755e-17, z: 7.342678e-12}
  m_LocalScale: {x: 1, y: 1, z: 1}
  m_Children: []
  m_Father: {fileID: 4000012539411600}
  m_RootOrder: 0
  m_LocalEulerAnglesHint: {x: 0, y: 0, z: 0}
--- !u!4 &4000011643219584
Transform:
  m_ObjectHideFlags: 1
  m_PrefabParentObject: {fileID: 0}
  m_PrefabInternal: {fileID: 100100000}
  m_GameObject: {fileID: 1000010993803564}
  m_LocalRotation: {x: 1.4105955e-13, y: 1, z: -1.1714554e-15, w: 1.8533623e-15}
  m_LocalPosition: {x: -0.4403, y: -8.5265126e-16, z: -5.3921198e-17}
  m_LocalScale: {x: 1, y: 1, z: 1}
  m_Children: []
  m_Father: {fileID: 4000013228223412}
  m_RootOrder: 0
  m_LocalEulerAnglesHint: {x: 0, y: 0, z: 0}
--- !u!4 &4000012276011078
Transform:
  m_ObjectHideFlags: 1
  m_PrefabParentObject: {fileID: 0}
  m_PrefabInternal: {fileID: 100100000}
  m_GameObject: {fileID: 1000010842486462}
  m_LocalRotation: {x: 0, y: -0, z: -2.3869795e-15, w: 1}
  m_LocalPosition: {x: 0.471188, y: 0, z: 5.77041e-17}
  m_LocalScale: {x: 1, y: 1, z: 1}
  m_Children:
  - {fileID: 4000010923808988}
  m_Father: {fileID: 4000010080215906}
  m_RootOrder: 0
  m_LocalEulerAnglesHint: {x: 0, y: 0, z: 0}
--- !u!4 &4000012539411600
Transform:
  m_ObjectHideFlags: 1
  m_PrefabParentObject: {fileID: 0}
  m_PrefabInternal: {fileID: 100100000}
  m_GameObject: {fileID: 1000011128967352}
  m_LocalRotation: {x: -0.7075902, y: 0.000006446892, z: -0.000006145912, w: 0.706623}
  m_LocalPosition: {x: -0.37452164, y: -7.105427e-17, z: -1.7347234e-20}
  m_LocalScale: {x: 1, y: 1, z: 1}
  m_Children:
  - {fileID: 4000011376382794}
  m_Father: {fileID: 4000010175596638}
  m_RootOrder: 0
  m_LocalEulerAnglesHint: {x: 0, y: 0, z: 0}
--- !u!4 &4000012585872478
Transform:
  m_ObjectHideFlags: 1
  m_PrefabParentObject: {fileID: 0}
  m_PrefabInternal: {fileID: 100100000}
  m_GameObject: {fileID: 1000011905469368}
  m_LocalRotation: {x: -0.7071068, y: 0.7071068, z: 4.3352284e-17, w: -4.3243328e-17}
  m_LocalPosition: {x: -0.21910845, y: 0.565232, z: 0}
  m_LocalScale: {x: 1, y: 1, z: 1}
  m_Children:
  - {fileID: 4000013228223412}
  m_Father: {fileID: 4000010630608380}
  m_RootOrder: 2
  m_LocalEulerAnglesHint: {x: 0, y: 0, z: 0}
--- !u!4 &4000012674812618
Transform:
  m_ObjectHideFlags: 1
  m_PrefabParentObject: {fileID: 0}
  m_PrefabInternal: {fileID: 100100000}
  m_GameObject: {fileID: 1000010519570632}
  m_LocalRotation: {x: 0, y: 0, z: 0, w: 1}
  m_LocalPosition: {x: -121.06373, y: 2.25, z: 35.690613}
  m_LocalScale: {x: 1, y: 1, z: 1}
  m_Children:
  - {fileID: 4000010019478140}
  - {fileID: 4000014095606346}
  m_Father: {fileID: 0}
  m_RootOrder: 0
  m_LocalEulerAnglesHint: {x: 0, y: 0, z: 0}
--- !u!4 &4000012787183130
Transform:
  m_ObjectHideFlags: 1
  m_PrefabParentObject: {fileID: 0}
  m_PrefabInternal: {fileID: 100100000}
  m_GameObject: {fileID: 1000012079753934}
  m_LocalRotation: {x: 0, y: 0, z: 0.86650366, w: -0.49917072}
  m_LocalPosition: {x: 0.009555898, y: 0.016478358, z: 0}
  m_LocalScale: {x: 1.0000001, y: 1, z: 1}
  m_Children:
  - {fileID: 4000010630608380}
  m_Father: {fileID: 4000013187267762}
  m_RootOrder: 0
  m_LocalEulerAnglesHint: {x: 0, y: 0, z: 0}
--- !u!4 &4000012836961322
Transform:
  m_ObjectHideFlags: 1
  m_PrefabParentObject: {fileID: 0}
  m_PrefabInternal: {fileID: 100100000}
  m_GameObject: {fileID: 1000012466448362}
  m_LocalRotation: {x: 3.6511133e-16, y: -1.4823535e-16, z: 0.7071068, w: 0.7071068}
  m_LocalPosition: {x: -0.54227096, y: 1.2040834e-16, z: 0}
  m_LocalScale: {x: 1, y: 1, z: 1}
  m_Children:
  - {fileID: 4000013029594080}
  - {fileID: 4000013286909920}
  m_Father: {fileID: 4000010689205506}
  m_RootOrder: 0
  m_LocalEulerAnglesHint: {x: 0, y: 0, z: 0}
--- !u!4 &4000013029594080
Transform:
  m_ObjectHideFlags: 1
  m_PrefabParentObject: {fileID: 0}
  m_PrefabInternal: {fileID: 100100000}
  m_GameObject: {fileID: 1000010185921044}
  m_LocalRotation: {x: 1.5335448e-16, y: -3.6299091e-16, z: -0.000000059604645, w: -1}
  m_LocalPosition: {x: 0, y: -2.533, z: 0}
  m_LocalScale: {x: 1, y: 1, z: 1}
  m_Children: []
  m_Father: {fileID: 4000012836961322}
  m_RootOrder: 0
  m_LocalEulerAnglesHint: {x: 0, y: 0, z: 0}
--- !u!4 &4000013187267762
Transform:
  m_ObjectHideFlags: 1
  m_PrefabParentObject: {fileID: 0}
  m_PrefabInternal: {fileID: 100100000}
  m_GameObject: {fileID: 1000012652885358}
  m_LocalRotation: {x: 0, y: 0, z: 0.2597436, w: 0.9656776}
  m_LocalPosition: {x: -0, y: 1.0449876, z: 0}
  m_LocalScale: {x: 1, y: 1, z: 1}
  m_Children:
  - {fileID: 4000012787183130}
  - {fileID: 4000010175596638}
  - {fileID: 4000010511876634}
  m_Father: {fileID: 4000010019478140}
  m_RootOrder: 0
  m_LocalEulerAnglesHint: {x: 0, y: 0, z: 0}
--- !u!4 &4000013228223412
Transform:
  m_ObjectHideFlags: 1
  m_PrefabParentObject: {fileID: 0}
  m_PrefabInternal: {fileID: 100100000}
  m_GameObject: {fileID: 1000013746844872}
  m_LocalRotation: {x: 0, y: 0, z: 8.317999e-16, w: 1}
  m_LocalPosition: {x: -0.47118998, y: 5.684342e-16, z: -5.770413e-17}
  m_LocalScale: {x: 1, y: 1, z: 1}
  m_Children:
  - {fileID: 4000011643219584}
  m_Father: {fileID: 4000012585872478}
  m_RootOrder: 0
  m_LocalEulerAnglesHint: {x: 0, y: 0, z: 0}
--- !u!4 &4000013286909920
Transform:
  m_ObjectHideFlags: 1
  m_PrefabParentObject: {fileID: 0}
  m_PrefabInternal: {fileID: 100100000}
  m_GameObject: {fileID: 1000010926292106}
  m_LocalRotation: {x: 1.5335452e-16, y: -3.629909e-16, z: -0.000000119209275, w: -1}
  m_LocalPosition: {x: 0, y: -2.5330007, z: 0}
  m_LocalScale: {x: 1, y: 1, z: 1}
  m_Children: []
  m_Father: {fileID: 4000012836961322}
  m_RootOrder: 1
  m_LocalEulerAnglesHint: {x: 0, y: 0, z: 0}
--- !u!4 &4000014095606346
Transform:
  m_ObjectHideFlags: 1
  m_PrefabParentObject: {fileID: 0}
  m_PrefabInternal: {fileID: 100100000}
  m_GameObject: {fileID: 1000011321309382}
  m_LocalRotation: {x: 0, y: 0, z: 0, w: 1}
  m_LocalPosition: {x: 0, y: 0, z: 0}
  m_LocalScale: {x: 1, y: 1, z: 1}
  m_Children: []
  m_Father: {fileID: 4000012674812618}
  m_RootOrder: 1
  m_LocalEulerAnglesHint: {x: 0, y: 0, z: 0}
--- !u!23 &23000010059662642
MeshRenderer:
  m_ObjectHideFlags: 1
  m_PrefabParentObject: {fileID: 0}
  m_PrefabInternal: {fileID: 100100000}
  m_GameObject: {fileID: 1000010185921044}
  m_Enabled: 1
  m_CastShadows: 1
  m_ReceiveShadows: 1
  m_DynamicOccludee: 1
  m_MotionVectors: 1
  m_LightProbeUsage: 1
  m_ReflectionProbeUsage: 1
  m_Materials:
  - {fileID: 2100000, guid: 18c0466ae74d846b5a6411d485f082cf, type: 2}
  m_StaticBatchInfo:
    firstSubMesh: 0
    subMeshCount: 0
  m_StaticBatchRoot: {fileID: 0}
  m_ProbeAnchor: {fileID: 0}
  m_LightProbeVolumeOverride: {fileID: 0}
  m_ScaleInLightmap: 1
  m_PreserveUVs: 0
  m_IgnoreNormalsForChartDetection: 0
  m_ImportantGI: 0
  m_StitchLightmapSeams: 0
  m_SelectedEditorRenderState: 3
  m_MinimumChartSize: 4
  m_AutoUVMaxDistance: 0.5
  m_AutoUVMaxAngle: 89
  m_LightmapParameters: {fileID: 0}
  m_SortingLayerID: 0
  m_SortingLayer: 0
  m_SortingOrder: 0
--- !u!23 &23000013279466292
MeshRenderer:
  m_ObjectHideFlags: 1
  m_PrefabParentObject: {fileID: 0}
  m_PrefabInternal: {fileID: 100100000}
  m_GameObject: {fileID: 1000010926292106}
  m_Enabled: 1
  m_CastShadows: 1
  m_ReceiveShadows: 1
  m_DynamicOccludee: 1
  m_MotionVectors: 1
  m_LightProbeUsage: 1
  m_ReflectionProbeUsage: 1
  m_Materials:
  - {fileID: 2100000, guid: fa35295348cb3418aa2a6413adf61521, type: 2}
  m_StaticBatchInfo:
    firstSubMesh: 0
    subMeshCount: 0
  m_StaticBatchRoot: {fileID: 0}
  m_ProbeAnchor: {fileID: 0}
  m_LightProbeVolumeOverride: {fileID: 0}
  m_ScaleInLightmap: 1
  m_PreserveUVs: 0
  m_IgnoreNormalsForChartDetection: 0
  m_ImportantGI: 0
  m_StitchLightmapSeams: 0
  m_SelectedEditorRenderState: 3
  m_MinimumChartSize: 4
  m_AutoUVMaxDistance: 0.5
  m_AutoUVMaxAngle: 89
  m_LightmapParameters: {fileID: 0}
  m_SortingLayerID: 0
  m_SortingLayer: 0
  m_SortingOrder: 0
--- !u!33 &33000011269617512
MeshFilter:
  m_ObjectHideFlags: 1
  m_PrefabParentObject: {fileID: 0}
  m_PrefabInternal: {fileID: 100100000}
  m_GameObject: {fileID: 1000010185921044}
  m_Mesh: {fileID: 4300024, guid: 255377ae1700518438342ed74889e165, type: 3}
--- !u!33 &33000012875424038
MeshFilter:
  m_ObjectHideFlags: 1
  m_PrefabParentObject: {fileID: 0}
  m_PrefabInternal: {fileID: 100100000}
  m_GameObject: {fileID: 1000010926292106}
  m_Mesh: {fileID: 4300016, guid: 255377ae1700518438342ed74889e165, type: 3}
--- !u!95 &95000014270233644
Animator:
  serializedVersion: 3
  m_ObjectHideFlags: 1
  m_PrefabParentObject: {fileID: 0}
  m_PrefabInternal: {fileID: 100100000}
  m_GameObject: {fileID: 1000010519570632}
  m_Enabled: 1
  m_Avatar: {fileID: 9000000, guid: 255377ae1700518438342ed74889e165, type: 3}
  m_Controller: {fileID: 9100000, guid: a2aa1a62e1bcc4a179db44b657eacac8, type: 2}
  m_CullingMode: 1
  m_UpdateMode: 0
  m_ApplyRootMotion: 1
  m_LinearVelocityBlending: 0
  m_WarningMessage: 
  m_HasTransformHierarchy: 1
  m_AllowConstantClipSamplingOptimization: 1
--- !u!114 &114000010549225854
MonoBehaviour:
  m_ObjectHideFlags: 1
  m_PrefabParentObject: {fileID: 0}
  m_PrefabInternal: {fileID: 100100000}
  m_GameObject: {fileID: 1000010519570632}
  m_Enabled: 1
  m_EditorHideFlags: 0
  m_Script: {fileID: 11500000, guid: 2bc407e4da51150449ad024747f671b5, type: 3}
  m_Name: 
  m_EditorClassIdentifier: 
  emissionColor:
    r: 1
    g: 1
    b: 1
    a: 0
  children: 1
--- !u!114 &114000010912595088
MonoBehaviour:
  m_ObjectHideFlags: 1
  m_PrefabParentObject: {fileID: 0}
  m_PrefabInternal: {fileID: 100100000}
  m_GameObject: {fileID: 1000010926292106}
  m_Enabled: 1
  m_EditorHideFlags: 0
  m_Script: {fileID: 11500000, guid: a57e0e363027e48458f117bb7d1b39ff, type: 3}
  m_Name: 
  m_EditorClassIdentifier: 
  materialsList:
  - matName: SA_Character_GasMask
    usingShader: 'UNOShader/_Library/UNLIT/UNOShaderUNLIT Transparent Diffuse Emis
      FogOff VertexCol Outline SH '
    shaderVisible: 1
    animate:
    - propertyName: _MainTex
      AnimateUV: 0
      instantiate: 1
      ScrollSpeed: {x: -0.4, y: 0}
      UVOffset: {x: 0, y: 0}
      RotateSpeed: 100
      UVRotate: 0
      RotatePivot: {x: 0.5, y: 0.5}
      matrix: _MainTexMatrix
    - propertyName: _EmissionMap
      AnimateUV: 0
      instantiate: 1
      ScrollSpeed: {x: -0.4, y: 0}
      UVOffset: {x: 0, y: 0}
      RotateSpeed: 100
      UVRotate: 0
      RotatePivot: {x: 0.5, y: 0.5}
      matrix: _EmissionMapMatrix
--- !u!114 &114000011188942924
MonoBehaviour:
  m_ObjectHideFlags: 1
  m_PrefabParentObject: {fileID: 0}
  m_PrefabInternal: {fileID: 100100000}
  m_GameObject: {fileID: 1000010185921044}
  m_Enabled: 1
  m_EditorHideFlags: 0
  m_Script: {fileID: 11500000, guid: a57e0e363027e48458f117bb7d1b39ff, type: 3}
  m_Name: 
  m_EditorClassIdentifier: 
  materialsList:
  - matName: SA_Character_Raider_3
    usingShader: 'UNOShader/_Library/UNLIT/UNOShaderUNLIT Transparent Diffuse Emis
      FogOff Outline SH '
    shaderVisible: 1
    animate:
    - propertyName: _MainTex
      AnimateUV: 0
      instantiate: 1
      ScrollSpeed: {x: -0.4, y: 0}
      UVOffset: {x: 0, y: 0}
      RotateSpeed: 100
      UVRotate: 0
      RotatePivot: {x: 0.5, y: 0.5}
      matrix: _MainTexMatrix
    - propertyName: _EmissionMap
      AnimateUV: 0
      instantiate: 1
      ScrollSpeed: {x: -0.4, y: 0}
      UVOffset: {x: 0, y: 0}
      RotateSpeed: 100
      UVRotate: 0
      RotatePivot: {x: 0.5, y: 0.5}
      matrix: _EmissionMapMatrix
--- !u!114 &114000011411130464
MonoBehaviour:
  m_ObjectHideFlags: 1
  m_PrefabParentObject: {fileID: 0}
  m_PrefabInternal: {fileID: 100100000}
  m_GameObject: {fileID: 1000010519570632}
  m_Enabled: 1
  m_EditorHideFlags: 0
  m_Script: {fileID: 11500000, guid: ce9a9c08f5c0bd640bde26b4fe76f923, type: 3}
  m_Name: 
  m_EditorClassIdentifier: 
  toonRace: 2
  skeletonConfiguration: 0
  scale: 1
  health: 4000
  ignoreGas: 0
  useLevelBounds: 0
  weight: 60
  armour: 0.75
  density: 0.8
  defaultAction: 200
  defaultMoveSpeed: 2
  defaultMoveAction: 0
  agroRange: 20
  moveTime: 0
  meleeDamage: 250
  meleeDamageEffect: 0
  logDebugging: 0
  logUserInput: 0
  s_SpawnSound: 
  s_meleeAttackSound: 
  s_takeDamage: 
  s_DeathSound: 
  ik_AimSpeed: 30
  toonBehavior: 3
  s_Voice: 
  s_GroundImpact: 
  primaryWeaponPrefab: {fileID: 11421136, guid: 8ecd1efc5ed1b4582b48e9b48d4d91ad,
    type: 2}
  backpackPrefab: {fileID: 0}
  shieldPrefab: {fileID: 0}
--- !u!114 &114000012033360638
MonoBehaviour:
  m_ObjectHideFlags: 1
  m_PrefabParentObject: {fileID: 0}
  m_PrefabInternal: {fileID: 100100000}
  m_GameObject: {fileID: 1000010519570632}
  m_Enabled: 1
  m_EditorHideFlags: 0
  m_Script: {fileID: 11500000, guid: 6d406d8b892f54ccaa5b0ef4de59944a, type: 3}
  m_Name: 
  m_EditorClassIdentifier: 
  fixTransforms: 1
  references:
    root: {fileID: 4000010019478140}
    pelvis: {fileID: 4000013187267762}
    leftThigh: {fileID: 4000010175596638}
    leftCalf: {fileID: 4000012539411600}
    leftFoot: {fileID: 4000011376382794}
    rightThigh: {fileID: 4000010511876634}
    rightCalf: {fileID: 4000010507060072}
    rightFoot: {fileID: 4000011190865540}
    leftUpperArm: {fileID: 4000010080215906}
    leftForearm: {fileID: 4000012276011078}
    leftHand: {fileID: 4000010923808988}
    rightUpperArm: {fileID: 4000012585872478}
    rightForearm: {fileID: 4000013228223412}
    rightHand: {fileID: 4000011643219584}
    head: {fileID: 4000010689205506}
    spine:
    - {fileID: 4000012787183130}
    - {fileID: 4000010630608380}
    eyes: []
  solvers:
    leftFoot:
      IKPosition: {x: -121.28603, y: 2.402805, z: 35.690605}
      IKPositionWeight: 0
      root: {fileID: 4000010019478140}
      target: {fileID: 0}
      IKRotationWeight: 0
      IKRotation: {x: 0.000000026396721, y: -0.0000000060063, z: -0.00000008940697,
        w: 0.99999994}
      bendNormal: {x: 1, y: 0, z: 0}
      bone1:
        transform: {fileID: 4000010175596638}
        weight: 1
        solverPosition: {x: 0, y: 0, z: 0}
        solverRotation: {x: 0, y: 0, z: 0, w: 1}
        defaultLocalPosition: {x: -0.25698245, y: -1.4210854e-16, z: 0}
        defaultLocalRotation: {x: -0.00013711104, y: -0.00008424717, z: 0.49917465,
          w: 0.8665014}
        length: 0
        sqrMag: 0
        axis: {x: -1, y: -0, z: -0}
      bone2:
        transform: {fileID: 4000012539411600}
        weight: 1
        solverPosition: {x: 0, y: 0, z: 0}
        solverRotation: {x: 0, y: 0, z: 0, w: 1}
        defaultLocalPosition: {x: -0.37452164, y: -7.105427e-17, z: -1.7347234e-20}
        defaultLocalRotation: {x: -0.7075902, y: 0.000006446892, z: -0.000006145912,
          w: 0.706623}
        length: 0
        sqrMag: 0
        axis: {x: -1, y: -0, z: -0}
      bone3:
        transform: {fileID: 4000011376382794}
        weight: 1
        solverPosition: {x: 0, y: 0, z: 0}
        solverRotation: {x: 0, y: 0, z: 0, w: 1}
        defaultLocalPosition: {x: -0.38874373, y: 1.20736755e-17, z: 7.342678e-12}
        defaultLocalRotation: {x: 0.50042224, y: 0.5004222, z: -0.49957308, w: 0.49958178}
        length: 0
        sqrMag: 0
        axis: {x: -1, y: -0, z: -0}
      goal: 0
      bendModifier: 0
      maintainRotationWeight: 0
      bendModifierWeight: 1
      bendGoal: {fileID: 0}
    rightFoot:
      IKPosition: {x: -120.84142, y: 2.4028049, z: 35.690605}
      IKPositionWeight: 0
      root: {fileID: 4000010019478140}
      target: {fileID: 0}
      IKRotationWeight: 0
      IKRotation: {x: -1.0000001, y: 0.000000059604645, z: -0.00000001340951, w: 0.000000027235215}
      bendNormal: {x: -0.0000029658822, y: 1.7462298e-10, z: -0.000017469774}
      bone1:
        transform: {fileID: 4000010511876634}
        weight: 1
        solverPosition: {x: 0, y: 0, z: 0}
        solverRotation: {x: 0, y: 0, z: 0, w: 1}
        defaultLocalPosition: {x: 0.12763838, y: -0.22304337, z: 0}
        defaultLocalRotation: {x: -0.49918568, y: 0.8664699, z: 0.0057249772, w: -0.003284124}
        length: 0
        sqrMag: 0
        axis: {x: -1, y: -0, z: -0}
      bone2:
        transform: {fileID: 4000010507060072}
        weight: 1
        solverPosition: {x: 0, y: 0, z: 0}
        solverRotation: {x: 0, y: 0, z: 0, w: 1}
        defaultLocalPosition: {x: 0.374522, y: 3.1974422e-16, z: -1.0987399e-12}
        defaultLocalRotation: {x: -0.70410997, y: -0.000030960506, z: 0.00005181963,
          w: 0.71009094}
        length: 0
        sqrMag: 0
        axis: {x: -1, y: -0, z: -0}
      bone3:
        transform: {fileID: 4000011190865540}
        weight: 1
        solverPosition: {x: 0, y: 0, z: 0}
        solverRotation: {x: 0, y: 0, z: 0, w: 1}
        defaultLocalPosition: {x: 0.388744, y: 8.197164e-12, z: -3.690733e-11}
        defaultLocalRotation: {x: 0.50117123, y: 0.5011969, z: -0.498829, w: 0.49879736}
        length: 0
        sqrMag: 0
        axis: {x: -1, y: -0, z: -0}
      goal: 1
      bendModifier: 0
      maintainRotationWeight: 0
      bendModifierWeight: 1
      bendGoal: {fileID: 0}
    leftHand:
      IKPosition: {x: -122.54045, y: 4.2034698, z: 35.690613}
      IKPositionWeight: 0
      root: {fileID: 4000010019478140}
      target: {fileID: 0}
      IKRotationWeight: 0
      IKRotation: {x: -1.0000001, y: 0.000000029802322, z: -2.2836739e-15, w: 7.273661e-16}
      bendNormal: {x: 1, y: 0, z: 0}
      bone1:
        transform: {fileID: 4000010080215906}
        weight: 1
        solverPosition: {x: 0, y: 0, z: 0}
        solverRotation: {x: 0, y: 0, z: 0, w: 1}
        defaultLocalPosition: {x: -0.21910845, y: -0.565232, z: 0}
        defaultLocalRotation: {x: 0, y: -0, z: -0.7071068, w: 0.7071068}
        length: 0
        sqrMag: 0
        axis: {x: -1, y: -0, z: -0}
      bone2:
        transform: {fileID: 4000012276011078}
        weight: 1
        solverPosition: {x: 0, y: 0, z: 0}
        solverRotation: {x: 0, y: 0, z: 0, w: 1}
        defaultLocalPosition: {x: 0.471188, y: 0, z: 5.77041e-17}
        defaultLocalRotation: {x: 0, y: -0, z: -2.3869795e-15, w: 1}
        length: 0
        sqrMag: 0
        axis: {x: -1, y: -0, z: -0}
      bone3:
        transform: {fileID: 4000010923808988}
        weight: 1
        solverPosition: {x: 0, y: 0, z: 0}
        solverRotation: {x: 0, y: 0, z: 0, w: 1}
        defaultLocalPosition: {x: 0.4403, y: -5.684342e-16, z: 5.39209e-17}
        defaultLocalRotation: {x: -1.7658669e-13, y: 1, z: -7.2736614e-16, w: -2.2836737e-15}
        length: 0
        sqrMag: 0
        axis: {x: -1, y: -0, z: -0}
      goal: 2
      bendModifier: 0
      maintainRotationWeight: 0
      bendModifierWeight: 1
      bendGoal: {fileID: 0}
    rightHand:
      IKPosition: {x: -119.587006, y: 4.20347, z: 35.690613}
      IKPositionWeight: 0
      root: {fileID: 4000010019478140}
      target: {fileID: 0}
      IKRotationWeight: 0
      IKRotation: {x: 1.2326878e-15, y: -1.8534398e-15, z: -0.000000029802322, w: 1.0000001}
      bendNormal: {x: 1, y: 0, z: 0}
      bone1:
        transform: {fileID: 4000012585872478}
        weight: 1
        solverPosition: {x: 0, y: 0, z: 0}
        solverRotation: {x: 0, y: 0, z: 0, w: 1}
        defaultLocalPosition: {x: -0.21910845, y: 0.565232, z: 0}
        defaultLocalRotation: {x: -0.7071068, y: 0.7071068, z: 4.3352284e-17, w: -4.3243328e-17}
        length: 0
        sqrMag: 0
        axis: {x: -1, y: -0, z: -0}
      bone2:
        transform: {fileID: 4000013228223412}
        weight: 1
        solverPosition: {x: 0, y: 0, z: 0}
        solverRotation: {x: 0, y: 0, z: 0, w: 1}
        defaultLocalPosition: {x: -0.47118998, y: 5.684342e-16, z: -5.770413e-17}
        defaultLocalRotation: {x: 0, y: 0, z: 8.317999e-16, w: 1}
        length: 0
        sqrMag: 0
        axis: {x: -1, y: -0, z: -0}
      bone3:
        transform: {fileID: 4000011643219584}
        weight: 1
        solverPosition: {x: 0, y: 0, z: 0}
        solverRotation: {x: 0, y: 0, z: 0, w: 1}
        defaultLocalPosition: {x: -0.4403, y: -8.5265126e-16, z: -5.3921198e-17}
        defaultLocalRotation: {x: 1.4105955e-13, y: 1, z: -1.1714554e-15, w: 1.8533623e-15}
        length: 0
        sqrMag: 0
        axis: {x: -1, y: -0, z: -0}
      goal: 3
      bendModifier: 0
      maintainRotationWeight: 0
      bendModifierWeight: 1
      bendGoal: {fileID: 0}
    spine:
      IKPosition: {x: -121.06373, y: 3.9843614, z: 35.690613}
      IKPositionWeight: 0
      root: {fileID: 4000012674812618}
      target: {fileID: 0}
      tolerance: 0
      maxIterations: 2
      useRotationLimits: 0
      XY: 0
      bones:
      - transform: {fileID: 4000012787183130}
        weight: 1
        solverPosition: {x: -121.06373, y: 3.3140364, z: 35.690613}
        solverRotation: {x: -0, y: -0, z: 0.7071068, w: -0.70710677}
        defaultLocalPosition: {x: 0.009555898, y: 0.016478358, z: 0}
        defaultLocalRotation: {x: 0, y: 0, z: 0.86650366, w: -0.49917072}
        length: 0.67032504
        sqrMag: 0
        axis: {x: -0.67032504, y: -0.00000007990897, z: 0}
      - transform: {fileID: 4000010630608380}
        weight: 1
        solverPosition: {x: -121.06373, y: 3.9843614, z: 35.690613}
        solverRotation: {x: -0, y: -0, z: 0.7071068, w: -0.70710677}
        defaultLocalPosition: {x: -0.6703252, y: 3.7986005e-16, z: 0}
        defaultLocalRotation: {x: 0, y: -0, z: -1.6102571e-15, w: 1}
        length: 0
        sqrMag: 0
        axis: {x: -0.67032504, y: -0.00000007990897, z: 0}
    lookAt:
      IKPosition: {x: -121.06373, y: 3.9843614, z: 38.690613}
      IKPositionWeight: 0
      root: {fileID: 4000012674812618}
      target: {fileID: 0}
      spine:
      - transform: {fileID: 4000012787183130}
        weight: 1
        solverPosition: {x: 0, y: 0, z: 0}
        solverRotation: {x: 0, y: 0, z: 0, w: 1}
        defaultLocalPosition: {x: 0.009555898, y: 0.016478358, z: 0}
        defaultLocalRotation: {x: 0, y: 0, z: 0.86650366, w: -0.49917072}
        length: 0
        sqrMag: 0
        axis: {x: -0, y: 0, z: 1}
      - transform: {fileID: 4000010630608380}
        weight: 1
        solverPosition: {x: 0, y: 0, z: 0}
        solverRotation: {x: 0, y: 0, z: 0, w: 1}
        defaultLocalPosition: {x: -0.6703252, y: 3.7986005e-16, z: 0}
        defaultLocalRotation: {x: 0, y: -0, z: -1.6102571e-15, w: 1}
        length: 0
        sqrMag: 0
        axis: {x: -0, y: 0, z: 1}
      head:
        transform: {fileID: 4000010689205506}
        weight: 1
        solverPosition: {x: 0, y: 0, z: 0}
        solverRotation: {x: 0, y: 0, z: 0, w: 1}
        defaultLocalPosition: {x: -0.3106261, y: 6.897285e-17, z: 0}
        defaultLocalRotation: {x: 0, y: -0, z: -1.6653345e-15, w: 1}
        length: 0
        sqrMag: 0
        axis: {x: -0, y: 0, z: 1}
      eyes: []
      bodyWeight: 0
      headWeight: 1
      eyesWeight: 1
      clampWeight: 0.5
      clampWeightHead: 0.7
      clampWeightEyes: 0.5
      clampSmoothing: 2
      spineWeightCurve:
        serializedVersion: 2
        m_Curve:
        - serializedVersion: 2
          time: 0
          value: 0.3
          inSlope: 0
          outSlope: 0
          tangentMode: 0
        - serializedVersion: 2
          time: 1
          value: 1
          inSlope: 0
          outSlope: 0
          tangentMode: 0
        m_PreInfinity: 2
        m_PostInfinity: 2
        m_RotationOrder: 4
      spineTargetOffset: {x: 0, y: 0, z: 0}
    aim:
      IKPosition: {x: 0, y: 0, z: 0}
      IKPositionWeight: 0
      root: {fileID: 4000012674812618}
      target: {fileID: 0}
      tolerance: 0
      maxIterations: 2
      useRotationLimits: 1
      XY: 0
      bones:
      - transform: {fileID: 4000012787183130}
        weight: 1
        solverPosition: {x: 0, y: 0, z: 0}
        solverRotation: {x: 0, y: 0, z: 0, w: 1}
        defaultLocalPosition: {x: 0.009555898, y: 0.016478358, z: 0}
        defaultLocalRotation: {x: 0, y: 0, z: 0.86650366, w: -0.49917072}
        length: 0
        sqrMag: 0
        axis: {x: -1, y: -0, z: -0}
      - transform: {fileID: 4000010630608380}
        weight: 1
        solverPosition: {x: 0, y: 0, z: 0}
        solverRotation: {x: 0, y: 0, z: 0, w: 1}
        defaultLocalPosition: {x: -0.6703252, y: 3.7986005e-16, z: 0}
        defaultLocalRotation: {x: 0, y: -0, z: -1.6102571e-15, w: 1}
        length: 0
        sqrMag: 0
        axis: {x: -1, y: -0, z: -0}
      transform: {fileID: 0}
      axis: {x: 0, y: 0, z: 1}
      poleAxis: {x: 0, y: 1, z: 0}
      polePosition: {x: 0, y: 0, z: 0}
      poleWeight: 0
      poleTarget: {fileID: 0}
      clampWeight: 0.1
      clampSmoothing: 2
    pelvis:
      transform: {fileID: 4000013187267762}
      target: {fileID: 0}
      positionOffset: {x: 0, y: 0, z: 0}
      position: {x: -121.06373, y: 3.2949877, z: 35.690613}
      positionWeight: 0
      rotationOffset: {x: 0, y: 0, z: 0}
      rotation: {x: -0, y: -0, z: 30.109701}
      rotationWeight: 0
--- !u!114 &114000012926241674
MonoBehaviour:
  m_ObjectHideFlags: 1
  m_PrefabParentObject: {fileID: 0}
  m_PrefabInternal: {fileID: 100100000}
  m_GameObject: {fileID: 1000010519570632}
  m_Enabled: 1
  m_EditorHideFlags: 0
  m_Script: {fileID: 11500000, guid: 64e9b662b3ede4a0db103a9f1041e001, type: 3}
  m_Name: 
  m_EditorClassIdentifier: 
  PosOffset: {x: 0, y: 4, z: 0}
--- !u!137 &137000014013429754
SkinnedMeshRenderer:
  m_ObjectHideFlags: 1
  m_PrefabParentObject: {fileID: 0}
  m_PrefabInternal: {fileID: 100100000}
  m_GameObject: {fileID: 1000011321309382}
  m_Enabled: 1
  m_CastShadows: 1
  m_ReceiveShadows: 1
  m_DynamicOccludee: 1
  m_MotionVectors: 1
  m_LightProbeUsage: 1
  m_ReflectionProbeUsage: 1
  m_Materials:
  - {fileID: 2100000, guid: 18c0466ae74d846b5a6411d485f082cf, type: 2}
  m_StaticBatchInfo:
    firstSubMesh: 0
    subMeshCount: 0
  m_StaticBatchRoot: {fileID: 0}
  m_ProbeAnchor: {fileID: 0}
  m_LightProbeVolumeOverride: {fileID: 0}
  m_ScaleInLightmap: 1
  m_PreserveUVs: 0
  m_IgnoreNormalsForChartDetection: 0
  m_ImportantGI: 0
  m_StitchLightmapSeams: 0
  m_SelectedEditorRenderState: 3
  m_MinimumChartSize: 4
  m_AutoUVMaxDistance: 0.5
  m_AutoUVMaxAngle: 89
  m_LightmapParameters: {fileID: 0}
  m_SortingLayerID: 0
  m_SortingLayer: 0
  m_SortingOrder: 0
  serializedVersion: 2
  m_Quality: 0
  m_UpdateWhenOffscreen: 0
  m_SkinnedMotionVectors: 1
  m_Mesh: {fileID: 4300076, guid: dbbc53a6bc8f5c64bb234194ce1380aa, type: 3}
  m_Bones:
  - {fileID: 4000010019478140}
  - {fileID: 4000013187267762}
  - {fileID: 4000010175596638}
  - {fileID: 4000012539411600}
  - {fileID: 4000011376382794}
  - {fileID: 4000010511876634}
  - {fileID: 4000010507060072}
  - {fileID: 4000011190865540}
  - {fileID: 4000012787183130}
  - {fileID: 4000010630608380}
  - {fileID: 4000010689205506}
  - {fileID: 4000012836961322}
  - {fileID: 4000012585872478}
  - {fileID: 4000013228223412}
  - {fileID: 4000011643219584}
  - {fileID: 4000010080215906}
  - {fileID: 4000012276011078}
  - {fileID: 4000010923808988}
  m_BlendShapeWeights: []
  m_RootBone: {fileID: 4000010019478140}
  m_AABB:
    m_Center: {x: 0.00000166893, y: 1.4134798, z: 0.0016335845}
    m_Extent: {x: 1.6845055, y: 1.41348, z: 0.35555044}
  m_DirtyAABB: 0
--- !u!195 &195000010233673760
NavMeshAgent:
  m_ObjectHideFlags: 1
  m_PrefabParentObject: {fileID: 0}
  m_PrefabInternal: {fileID: 100100000}
  m_GameObject: {fileID: 1000010519570632}
  m_Enabled: 0
  m_AgentTypeID: 0
  m_Radius: 0.3
  m_Speed: 3.5
  m_Acceleration: 0.5
  avoidancePriority: 50
  m_AngularSpeed: 360
  m_StoppingDistance: 2
  m_AutoTraverseOffMeshLink: 0
  m_AutoBraking: 1
  m_AutoRepath: 1
  m_Height: 3
  m_BaseOffset: 0
  m_WalkableMask: 9
  m_ObstacleAvoidanceType: 2
