%YAML 1.1
%TAG !u! tag:unity3d.com,2011:
--- !u!1001 &100100000
Prefab:
  m_ObjectHideFlags: 1
  serializedVersion: 2
  m_Modification:
    m_TransformParent: {fileID: 0}
    m_Modifications: []
    m_RemovedComponents: []
  m_ParentPrefab: {fileID: 0}
  m_RootGameObject: {fileID: 1000011418353074}
  m_IsPrefabParent: 1
--- !u!1 &1000011418353074
GameObject:
  m_ObjectHideFlags: 0
  m_PrefabParentObject: {fileID: 0}
  m_PrefabInternal: {fileID: 100100000}
  serializedVersion: 5
  m_Component:
  - component: {fileID: 4000013637302636}
  - component: {fileID: 33000013038308036}
  - component: {fileID: 23000010118549152}
  - component: {fileID: 65000013075422052}
  - component: {fileID: 114000010351679212}
  m_Layer: 12
  m_Name: ZX_Prop_FireHose_01
  m_TagString: Untagged
  m_Icon: {fileID: 0}
  m_NavMeshLayer: 1
  m_StaticEditorFlags: 4294967263
  m_IsActive: 1
--- !u!4 &4000013637302636
Transform:
  m_ObjectHideFlags: 1
  m_PrefabParentObject: {fileID: 0}
  m_PrefabInternal: {fileID: 100100000}
  m_GameObject: {fileID: 1000011418353074}
  m_LocalRotation: {x: 0, y: -0.7071068, z: 0, w: 0.7071068}
  m_LocalPosition: {x: -68.6, y: 1.19, z: 38.87}
  m_LocalScale: {x: 1.5, y: 1, z: 1}
  m_Children: []
  m_Father: {fileID: 0}
  m_RootOrder: 0
  m_LocalEulerAnglesHint: {x: 0, y: -90, z: 0}
--- !u!23 &23000010118549152
MeshRenderer:
  m_ObjectHideFlags: 1
  m_PrefabParentObject: {fileID: 0}
  m_PrefabInternal: {fileID: 100100000}
  m_GameObject: {fileID: 1000011418353074}
  m_Enabled: 1
  m_CastShadows: 1
  m_ReceiveShadows: 1
  m_DynamicOccludee: 1
  m_MotionVectors: 1
  m_LightProbeUsage: 1
  m_ReflectionProbeUsage: 1
  m_Materials:
  - {fileID: 2100000, guid: 965e421d30d6a2a419dfd5b3597456b8, type: 2}
  m_StaticBatchInfo:
    firstSubMesh: 0
    subMeshCount: 0
  m_StaticBatchRoot: {fileID: 0}
  m_ProbeAnchor: {fileID: 0}
  m_LightProbeVolumeOverride: {fileID: 0}
  m_ScaleInLightmap: 1
  m_PreserveUVs: 0
  m_IgnoreNormalsForChartDetection: 0
  m_ImportantGI: 0
  m_StitchLightmapSeams: 0
  m_SelectedEditorRenderState: 3
  m_MinimumChartSize: 4
  m_AutoUVMaxDistance: 0.5
  m_AutoUVMaxAngle: 89
  m_LightmapParameters: {fileID: 0}
  m_SortingLayerID: 0
  m_SortingLayer: 0
  m_SortingOrder: 0
--- !u!33 &33000013038308036
MeshFilter:
  m_ObjectHideFlags: 1
  m_PrefabParentObject: {fileID: 0}
  m_PrefabInternal: {fileID: 100100000}
  m_GameObject: {fileID: 1000011418353074}
  m_Mesh: {fileID: 4300000, guid: f1e7fe2f4f2f29e4ba9fc5ea84daa3b8, type: 3}
--- !u!65 &65000013075422052
BoxCollider:
  m_ObjectHideFlags: 1
  m_PrefabParentObject: {fileID: 0}
  m_PrefabInternal: {fileID: 100100000}
  m_GameObject: {fileID: 1000011418353074}
  m_Material: {fileID: 0}
  m_IsTrigger: 0
  m_Enabled: 1
  serializedVersion: 2
  m_Size: {x: 5.086655, y: 0.37641978, z: 0.25689688}
  m_Center: {x: -0.42488867, y: -0.13212883, z: -0.010276735}
--- !u!114 &114000010351679212
MonoBehaviour:
  m_ObjectHideFlags: 1
  m_PrefabParentObject: {fileID: 0}
  m_PrefabInternal: {fileID: 100100000}
  m_GameObject: {fileID: 1000011418353074}
  m_Enabled: 1
  m_EditorHideFlags: 0
  m_Script: {fileID: 11500000, guid: 4e5239626e8d44f429c916a6cbe971c9, type: 3}
  m_Name: 
  m_EditorClassIdentifier: 
  race: 0
  materialType: 4
  health: 0
  armour: 0
  density: 1
  particleEffects: 1
  blocksVision: 1
  blinkDamage: 0
  fadeDecal: 1
  highlightColor:
    r: 0
    g: 0
    b: 0
    a: 0
  deadPrefab: {fileID: 0}
  deadPrefabOffset: {x: 0, y: 0, z: 0}
  deadPrefabRotation: {x: 0, y: 0, z: 0}
  dieEffectPrefab: {fileID: 0}
  dieEffectOffset: {x: 0, y: 0, z: 0}
  dieEffectRotation: {x: 0, y: 0, z: 0}
  fadeDelay: 0
  fadeTime: 0
