%YAML 1.1
%TAG !u! tag:unity3d.com,2011:
--- !u!1001 &100100000
Prefab:
  m_ObjectHideFlags: 1
  serializedVersion: 2
  m_Modification:
    m_TransformParent: {fileID: 0}
    m_Modifications: []
    m_RemovedComponents: []
  m_ParentPrefab: {fileID: 0}
  m_RootGameObject: {fileID: 1000012589696274}
  m_IsPrefabParent: 1
--- !u!1 &1000010112580236
GameObject:
  m_ObjectHideFlags: 1
  m_PrefabParentObject: {fileID: 0}
  m_PrefabInternal: {fileID: 100100000}
  serializedVersion: 5
  m_Component:
  - component: {fileID: 4000011290824644}
  m_Layer: 15
  m_Name: Head_jnt
  m_TagString: Untagged
  m_Icon: {fileID: 0}
  m_NavMeshLayer: 0
  m_StaticEditorFlags: 0
  m_IsActive: 1
--- !u!1 &1000010332923962
GameObject:
  m_ObjectHideFlags: 1
  m_PrefabParentObject: {fileID: 0}
  m_PrefabInternal: {fileID: 100100000}
  serializedVersion: 5
  m_Component:
  - component: {fileID: 4000011924201488}
  - component: {fileID: 33000013026255050}
  - component: {fileID: 23000010082211546}
  m_Layer: 15
  m_Name: SA_Wep_SpazShotgun_Sliencer
  m_TagString: Untagged
  m_Icon: {fileID: 0}
  m_NavMeshLayer: 0
  m_StaticEditorFlags: 0
  m_IsActive: 0
--- !u!1 &1000010369288320
GameObject:
  m_ObjectHideFlags: 1
  m_PrefabParentObject: {fileID: 0}
  m_PrefabInternal: {fileID: 100100000}
  serializedVersion: 5
  m_Component:
  - component: {fileID: 4000010158816104}
  - component: {fileID: 33000011429233888}
  - component: {fileID: 23000012608051496}
  m_Layer: 15
  m_Name: SA_Wep_SpazShotgun_Reddot
  m_TagString: Untagged
  m_Icon: {fileID: 0}
  m_NavMeshLayer: 0
  m_StaticEditorFlags: 0
  m_IsActive: 0
--- !u!1 &1000010455689508
GameObject:
  m_ObjectHideFlags: 1
  m_PrefabParentObject: {fileID: 0}
  m_PrefabInternal: {fileID: 100100000}
  serializedVersion: 5
  m_Component:
  - component: {fileID: 4000010866533428}
  - component: {fileID: 33000010000938566}
  - component: {fileID: 23000010157266796}
  m_Layer: 15
  m_Name: SA_Wep_SpazShotgun_Laser
  m_TagString: Untagged
  m_Icon: {fileID: 0}
  m_NavMeshLayer: 0
  m_StaticEditorFlags: 0
  m_IsActive: 0
--- !u!1 &1000010541446730
GameObject:
  m_ObjectHideFlags: 1
  m_PrefabParentObject: {fileID: 0}
  m_PrefabInternal: {fileID: 100100000}
  serializedVersion: 5
  m_Component:
  - component: {fileID: 4000010806536256}
  m_Layer: 15
  m_Name: LowerLeg_Right_jnt
  m_TagString: Untagged
  m_Icon: {fileID: 0}
  m_NavMeshLayer: 0
  m_StaticEditorFlags: 0
  m_IsActive: 1
--- !u!1 &1000010550953562
GameObject:
  m_ObjectHideFlags: 1
  m_PrefabParentObject: {fileID: 0}
  m_PrefabInternal: {fileID: 100100000}
  serializedVersion: 5
  m_Component:
  - component: {fileID: 4000014142258332}
  - component: {fileID: 33000012494272722}
  - component: {fileID: 23000011739556530}
  - component: {fileID: 114000010923981014}
  m_Layer: 15
  m_Name: SA_Wep_SpazShotgun_ForeGrip
  m_TagString: Untagged
  m_Icon: {fileID: 0}
  m_NavMeshLayer: 0
  m_StaticEditorFlags: 0
  m_IsActive: 0
--- !u!1 &1000010558741098
GameObject:
  m_ObjectHideFlags: 1
  m_PrefabParentObject: {fileID: 0}
  m_PrefabInternal: {fileID: 100100000}
  serializedVersion: 5
  m_Component:
  - component: {fileID: 4000014046796924}
  m_Layer: 15
  m_Name: UpperLeg_Left_jnt
  m_TagString: Untagged
  m_Icon: {fileID: 0}
  m_NavMeshLayer: 0
  m_StaticEditorFlags: 0
  m_IsActive: 1
--- !u!1 &1000010678527822
GameObject:
  m_ObjectHideFlags: 1
  m_PrefabParentObject: {fileID: 0}
  m_PrefabInternal: {fileID: 100100000}
  serializedVersion: 5
  m_Component:
  - component: {fileID: 4000014061001728}
  - component: {fileID: 33000012239239912}
  - component: {fileID: 23000012317399810}
  m_Layer: 15
  m_Name: SA_Wep_SpazShotgun_Flashlight
  m_TagString: Untagged
  m_Icon: {fileID: 0}
  m_NavMeshLayer: 0
  m_StaticEditorFlags: 0
  m_IsActive: 0
--- !u!1 &1000010749597654
GameObject:
  m_ObjectHideFlags: 1
  m_PrefabParentObject: {fileID: 0}
  m_PrefabInternal: {fileID: 100100000}
  serializedVersion: 5
  m_Component:
  - component: {fileID: 4000010860554282}
  m_Layer: 15
  m_Name: LowerArm_Left_jnt
  m_TagString: Untagged
  m_Icon: {fileID: 0}
  m_NavMeshLayer: 0
  m_StaticEditorFlags: 0
  m_IsActive: 1
--- !u!1 &1000010764581872
GameObject:
  m_ObjectHideFlags: 1
  m_PrefabParentObject: {fileID: 0}
  m_PrefabInternal: {fileID: 100100000}
  serializedVersion: 5
  m_Component:
  - component: {fileID: 4000011319985038}
  m_Layer: 15
  m_Name: UpperArm_Left_jnt
  m_TagString: Untagged
  m_Icon: {fileID: 0}
  m_NavMeshLayer: 0
  m_StaticEditorFlags: 0
  m_IsActive: 1
--- !u!1 &1000010870338598
GameObject:
  m_ObjectHideFlags: 1
  m_PrefabParentObject: {fileID: 0}
  m_PrefabInternal: {fileID: 100100000}
  serializedVersion: 5
  m_Component:
  - component: {fileID: 4000010951570764}
  m_Layer: 15
  m_Name: Hips_jnt
  m_TagString: Untagged
  m_Icon: {fileID: 0}
  m_NavMeshLayer: 0
  m_StaticEditorFlags: 0
  m_IsActive: 1
--- !u!1 &1000011140031036
GameObject:
  m_ObjectHideFlags: 1
  m_PrefabParentObject: {fileID: 0}
  m_PrefabInternal: {fileID: 100100000}
  serializedVersion: 5
  m_Component:
  - component: {fileID: 4000010737904444}
  m_Layer: 15
  m_Name: LowerLeg_Left_jnt
  m_TagString: Untagged
  m_Icon: {fileID: 0}
  m_NavMeshLayer: 0
  m_StaticEditorFlags: 0
  m_IsActive: 1
--- !u!1 &1000011207722662
GameObject:
  m_ObjectHideFlags: 0
  m_PrefabParentObject: {fileID: 0}
  m_PrefabInternal: {fileID: 100100000}
  serializedVersion: 5
  m_Component:
  - component: {fileID: 4000011134570030}
  m_Layer: 15
  m_Name: Root_jnt
  m_TagString: Untagged
  m_Icon: {fileID: 0}
  m_NavMeshLayer: 0
  m_StaticEditorFlags: 0
  m_IsActive: 1
--- !u!1 &1000011258774330
GameObject:
  m_ObjectHideFlags: 1
  m_PrefabParentObject: {fileID: 0}
  m_PrefabInternal: {fileID: 100100000}
  serializedVersion: 5
  m_Component:
  - component: {fileID: 4000011057976762}
  m_Layer: 15
  m_Name: Spine_jnt
  m_TagString: Untagged
  m_Icon: {fileID: 0}
  m_NavMeshLayer: 0
  m_StaticEditorFlags: 0
  m_IsActive: 1
--- !u!1 &1000011495506278
GameObject:
  m_ObjectHideFlags: 1
  m_PrefabParentObject: {fileID: 0}
  m_PrefabInternal: {fileID: 100100000}
  serializedVersion: 5
  m_Component:
  - component: {fileID: 4000012537342116}
  m_Layer: 15
  m_Name: LowerArm_Right_jnt
  m_TagString: Untagged
  m_Icon: {fileID: 0}
  m_NavMeshLayer: 0
  m_StaticEditorFlags: 0
  m_IsActive: 1
--- !u!1 &1000011507230050
GameObject:
  m_ObjectHideFlags: 0
  m_PrefabParentObject: {fileID: 0}
  m_PrefabInternal: {fileID: 100100000}
  serializedVersion: 5
  m_Component:
  - component: {fileID: 4000012989259806}
  - component: {fileID: 137000013982285808}
  m_Layer: 15
  m_Name: Base_Mesh
  m_TagString: Untagged
  m_Icon: {fileID: 0}
  m_NavMeshLayer: 0
  m_StaticEditorFlags: 0
  m_IsActive: 1
--- !u!1 &1000011554742734
GameObject:
  m_ObjectHideFlags: 1
  m_PrefabParentObject: {fileID: 0}
  m_PrefabInternal: {fileID: 100100000}
  serializedVersion: 5
  m_Component:
  - component: {fileID: 4000011984851090}
  m_Layer: 15
  m_Name: Hat_jnt
  m_TagString: Untagged
  m_Icon: {fileID: 0}
  m_NavMeshLayer: 0
  m_StaticEditorFlags: 0
  m_IsActive: 1
--- !u!1 &1000011559779804
GameObject:
  m_ObjectHideFlags: 1
  m_PrefabParentObject: {fileID: 0}
  m_PrefabInternal: {fileID: 100100000}
  serializedVersion: 5
  m_Component:
  - component: {fileID: 4000013146940720}
  m_Layer: 15
  m_Name: UpperArm_Right_jnt
  m_TagString: Untagged
  m_Icon: {fileID: 0}
  m_NavMeshLayer: 0
  m_StaticEditorFlags: 0
  m_IsActive: 1
--- !u!1 &1000011920894990
GameObject:
  m_ObjectHideFlags: 1
  m_PrefabParentObject: {fileID: 0}
  m_PrefabInternal: {fileID: 100100000}
  serializedVersion: 5
  m_Component:
  - component: {fileID: 4000011335910326}
  m_Layer: 15
  m_Name: Hand_Left_jnt
  m_TagString: Untagged
  m_Icon: {fileID: 0}
  m_NavMeshLayer: 0
  m_StaticEditorFlags: 0
  m_IsActive: 1
--- !u!1 &1000012030610784
GameObject:
  m_ObjectHideFlags: 1
  m_PrefabParentObject: {fileID: 0}
  m_PrefabInternal: {fileID: 100100000}
  serializedVersion: 5
  m_Component:
  - component: {fileID: 4000011905088626}
  m_Layer: 15
  m_Name: Hand_Right_jnt
  m_TagString: Untagged
  m_Icon: {fileID: 0}
  m_NavMeshLayer: 0
  m_StaticEditorFlags: 0
  m_IsActive: 1
--- !u!1 &1000012086151628
GameObject:
  m_ObjectHideFlags: 1
  m_PrefabParentObject: {fileID: 0}
  m_PrefabInternal: {fileID: 100100000}
  serializedVersion: 5
  m_Component:
  - component: {fileID: 4000013439143896}
  - component: {fileID: 33000013423620036}
  - component: {fileID: 23000011777294202}
  - component: {fileID: 114000011972414746}
  - component: {fileID: 114000013140855420}
  m_Layer: 15
  m_Name: SA_Wep_FlashBang
  m_TagString: Untagged
  m_Icon: {fileID: 0}
  m_NavMeshLayer: 0
  m_StaticEditorFlags: 0
  m_IsActive: 1
--- !u!1 &1000012144377274
GameObject:
  m_ObjectHideFlags: 1
  m_PrefabParentObject: {fileID: 0}
  m_PrefabInternal: {fileID: 100100000}
  serializedVersion: 5
  m_Component:
  - component: {fileID: 4000011862671266}
  m_Layer: 15
  m_Name: Foot_Left_jnt
  m_TagString: Untagged
  m_Icon: {fileID: 0}
  m_NavMeshLayer: 0
  m_StaticEditorFlags: 0
  m_IsActive: 1
--- !u!1 &1000012243593972
GameObject:
  m_ObjectHideFlags: 1
  m_PrefabParentObject: {fileID: 0}
  m_PrefabInternal: {fileID: 100100000}
  serializedVersion: 5
  m_Component:
  - component: {fileID: 4000011440709856}
  - component: {fileID: 33000011381538824}
  - component: {fileID: 23000013789446776}
  - component: {fileID: 114000012965273436}
  - component: {fileID: 114000011794845762}
  m_Layer: 15
  m_Name: RiotHelmet (1)
  m_TagString: Untagged
  m_Icon: {fileID: 0}
  m_NavMeshLayer: 0
  m_StaticEditorFlags: 0
  m_IsActive: 1
--- !u!1 &1000012355292110
GameObject:
  m_ObjectHideFlags: 1
  m_PrefabParentObject: {fileID: 0}
  m_PrefabInternal: {fileID: 100100000}
  serializedVersion: 5
  m_Component:
  - component: {fileID: 4000014225689888}
  m_Layer: 15
  m_Name: Body_jnt
  m_TagString: Untagged
  m_Icon: {fileID: 0}
  m_NavMeshLayer: 0
  m_StaticEditorFlags: 0
  m_IsActive: 1
--- !u!1 &1000012589696274
GameObject:
  m_ObjectHideFlags: 0
  m_PrefabParentObject: {fileID: 0}
  m_PrefabInternal: {fileID: 100100000}
  serializedVersion: 5
  m_Component:
  - component: {fileID: 4000010124905140}
  - component: {fileID: 95000013658366234}
  - component: {fileID: 195000013335925376}
  - component: {fileID: 114947215240370688}
  - component: {fileID: 114136607904277034}
  - component: {fileID: 114112262970489378}
  m_Layer: 15
  m_Name: ZX_Char_Zombie_Riot_Cop_Blue_Armoured
  m_TagString: Untagged
  m_Icon: {fileID: 0}
  m_NavMeshLayer: 0
  m_StaticEditorFlags: 0
  m_IsActive: 1
--- !u!1 &1000012994995218
GameObject:
  m_ObjectHideFlags: 1
  m_PrefabParentObject: {fileID: 0}
  m_PrefabInternal: {fileID: 100100000}
  serializedVersion: 5
  m_Component:
  - component: {fileID: 4000013967986634}
  m_Layer: 15
  m_Name: UpperLeg_Right_jnt
  m_TagString: Untagged
  m_Icon: {fileID: 0}
  m_NavMeshLayer: 0
  m_StaticEditorFlags: 0
  m_IsActive: 1
--- !u!1 &1000013149169974
GameObject:
  m_ObjectHideFlags: 1
  m_PrefabParentObject: {fileID: 0}
  m_PrefabInternal: {fileID: 100100000}
  serializedVersion: 5
  m_Component:
  - component: {fileID: 4000012711299698}
  - component: {fileID: 33000012873509672}
  - component: {fileID: 23000012888755140}
  - component: {fileID: 114000010065231776}
  - component: {fileID: 114000012230231430}
  m_Layer: 15
  m_Name: Items_RiotShield_01
  m_TagString: Untagged
  m_Icon: {fileID: 0}
  m_NavMeshLayer: 0
  m_StaticEditorFlags: 0
  m_IsActive: 1
--- !u!1 &1000013175884264
GameObject:
  m_ObjectHideFlags: 1
  m_PrefabParentObject: {fileID: 0}
  m_PrefabInternal: {fileID: 100100000}
  serializedVersion: 5
  m_Component:
  - component: {fileID: 4000011985345672}
  m_Layer: 15
  m_Name: Foot_Right_jnt
  m_TagString: Untagged
  m_Icon: {fileID: 0}
  m_NavMeshLayer: 0
  m_StaticEditorFlags: 0
  m_IsActive: 1
--- !u!1 &1000013924752252
GameObject:
  m_ObjectHideFlags: 1
  m_PrefabParentObject: {fileID: 0}
  m_PrefabInternal: {fileID: 100100000}
  serializedVersion: 5
  m_Component:
  - component: {fileID: 4000010162441076}
  - component: {fileID: 33000010058967600}
  - component: {fileID: 23000010098215674}
  - component: {fileID: 114000012426084036}
  - component: {fileID: 114000010621319210}
  m_Layer: 15
  m_Name: SA_Wep_SpazShotgun
  m_TagString: Untagged
  m_Icon: {fileID: 0}
  m_NavMeshLayer: 0
  m_StaticEditorFlags: 0
  m_IsActive: 1
--- !u!1 &1000013997685640
GameObject:
  m_ObjectHideFlags: 1
  m_PrefabParentObject: {fileID: 0}
  m_PrefabInternal: {fileID: 100100000}
  serializedVersion: 5
  m_Component:
  - component: {fileID: 4000014281637286}
  - component: {fileID: 33000011182933654}
  - component: {fileID: 23000011220035408}
  - component: {fileID: 114000014262850064}
  m_Layer: 15
  m_Name: SA_Wep_SpazShotgun_Acog
  m_TagString: Untagged
  m_Icon: {fileID: 0}
  m_NavMeshLayer: 0
  m_StaticEditorFlags: 0
  m_IsActive: 0
--- !u!4 &4000010124905140
Transform:
  m_ObjectHideFlags: 1
  m_PrefabParentObject: {fileID: 0}
  m_PrefabInternal: {fileID: 100100000}
  m_GameObject: {fileID: 1000012589696274}
  m_LocalRotation: {x: -0, y: -0, z: -0, w: 1}
  m_LocalPosition: {x: 0, y: 0, z: 0}
  m_LocalScale: {x: 1, y: 1, z: 1}
  m_Children:
  - {fileID: 4000011134570030}
  - {fileID: 4000012989259806}
  m_Father: {fileID: 0}
  m_RootOrder: 0
  m_LocalEulerAnglesHint: {x: 0, y: 0, z: 0}
--- !u!4 &4000010158816104
Transform:
  m_ObjectHideFlags: 1
  m_PrefabParentObject: {fileID: 0}
  m_PrefabInternal: {fileID: 100100000}
  m_GameObject: {fileID: 1000010369288320}
  m_LocalRotation: {x: 0, y: 0, z: 0, w: 1}
  m_LocalPosition: {x: 0.00079487957, y: 0.40993747, z: 0.2196424}
  m_LocalScale: {x: 1, y: 1, z: 1}
  m_Children: []
  m_Father: {fileID: 4000010162441076}
  m_RootOrder: 4
  m_LocalEulerAnglesHint: {x: 0, y: 0, z: 0}
--- !u!4 &4000010162441076
Transform:
  m_ObjectHideFlags: 1
  m_PrefabParentObject: {fileID: 0}
  m_PrefabInternal: {fileID: 100100000}
  m_GameObject: {fileID: 1000013924752252}
  m_LocalRotation: {x: -0.15304585, y: 0.6903456, z: 0.15304585, w: 0.6903456}
  m_LocalPosition: {x: -0.1, y: -0.3, z: -0.4}
  m_LocalScale: {x: 1, y: 1, z: 1}
  m_Children:
  - {fileID: 4000014281637286}
  - {fileID: 4000014061001728}
  - {fileID: 4000014142258332}
  - {fileID: 4000010866533428}
  - {fileID: 4000010158816104}
  - {fileID: 4000011924201488}
  m_Father: {fileID: 4000011057976762}
  m_RootOrder: 3
  m_LocalEulerAnglesHint: {x: -25, y: 90, z: 0}
--- !u!4 &4000010737904444
Transform:
  m_ObjectHideFlags: 1
  m_PrefabParentObject: {fileID: 0}
  m_PrefabInternal: {fileID: 100100000}
  m_GameObject: {fileID: 1000011140031036}
  m_LocalRotation: {x: -0.7075902, y: 0.000006446892, z: -0.000006145912, w: 0.706623}
  m_LocalPosition: {x: -0.37452164, y: -7.105427e-17, z: -1.7347234e-20}
  m_LocalScale: {x: 1, y: 1, z: 1}
  m_Children:
  - {fileID: 4000011862671266}
  m_Father: {fileID: 4000014046796924}
  m_RootOrder: 0
  m_LocalEulerAnglesHint: {x: 0, y: 0, z: 0}
--- !u!4 &4000010806536256
Transform:
  m_ObjectHideFlags: 1
  m_PrefabParentObject: {fileID: 0}
  m_PrefabInternal: {fileID: 100100000}
  m_GameObject: {fileID: 1000010541446730}
  m_LocalRotation: {x: -0.70410997, y: -0.000030960506, z: 0.00005181963, w: 0.71009094}
  m_LocalPosition: {x: 0.374522, y: 3.1974422e-16, z: -1.0987399e-12}
  m_LocalScale: {x: 1, y: 1, z: 1}
  m_Children:
  - {fileID: 4000011985345672}
  m_Father: {fileID: 4000013967986634}
  m_RootOrder: 0
  m_LocalEulerAnglesHint: {x: 0, y: 0, z: 0}
--- !u!4 &4000010860554282
Transform:
  m_ObjectHideFlags: 1
  m_PrefabParentObject: {fileID: 0}
  m_PrefabInternal: {fileID: 100100000}
  m_GameObject: {fileID: 1000010749597654}
  m_LocalRotation: {x: 0, y: -0, z: -2.3869795e-15, w: 1}
  m_LocalPosition: {x: 0.471188, y: 0, z: 5.77041e-17}
  m_LocalScale: {x: 1, y: 1, z: 1}
  m_Children:
  - {fileID: 4000012711299698}
  - {fileID: 4000011335910326}
  m_Father: {fileID: 4000011319985038}
  m_RootOrder: 0
  m_LocalEulerAnglesHint: {x: 0, y: 0, z: 0}
--- !u!4 &4000010866533428
Transform:
  m_ObjectHideFlags: 1
  m_PrefabParentObject: {fileID: 0}
  m_PrefabInternal: {fileID: 100100000}
  m_GameObject: {fileID: 1000010455689508}
  m_LocalRotation: {x: 0, y: 0, z: 0, w: 1}
  m_LocalPosition: {x: -0.068048604, y: 0.20318766, z: 1.3387661}
  m_LocalScale: {x: 1, y: 1, z: 1}
  m_Children: []
  m_Father: {fileID: 4000010162441076}
  m_RootOrder: 3
  m_LocalEulerAnglesHint: {x: 0, y: 0, z: 0}
--- !u!4 &4000010951570764
Transform:
  m_ObjectHideFlags: 1
  m_PrefabParentObject: {fileID: 0}
  m_PrefabInternal: {fileID: 100100000}
  m_GameObject: {fileID: 1000010870338598}
  m_LocalRotation: {x: 0, y: 0, z: 0.2597436, w: 0.9656776}
  m_LocalPosition: {x: -0, y: 1.0449876, z: 0}
  m_LocalScale: {x: 1, y: 1, z: 1}
  m_Children:
  - {fileID: 4000014225689888}
  - {fileID: 4000014046796924}
  - {fileID: 4000013967986634}
  m_Father: {fileID: 4000011134570030}
  m_RootOrder: 0
  m_LocalEulerAnglesHint: {x: 0, y: 0, z: 0}
--- !u!4 &4000011057976762
Transform:
  m_ObjectHideFlags: 1
  m_PrefabParentObject: {fileID: 0}
  m_PrefabInternal: {fileID: 100100000}
  m_GameObject: {fileID: 1000011258774330}
  m_LocalRotation: {x: -0, y: 0, z: -0.000000029802319, w: 1}
  m_LocalPosition: {x: -0.6703253, y: -0, z: 0}
  m_LocalScale: {x: 1, y: 1, z: 1}
  m_Children:
  - {fileID: 4000011290824644}
  - {fileID: 4000011319985038}
  - {fileID: 4000013146940720}
  - {fileID: 4000010162441076}
  m_Father: {fileID: 4000014225689888}
  m_RootOrder: 0
  m_LocalEulerAnglesHint: {x: 0, y: 0, z: 0}
--- !u!4 &4000011134570030
Transform:
  m_ObjectHideFlags: 1
  m_PrefabParentObject: {fileID: 0}
  m_PrefabInternal: {fileID: 100100000}
  m_GameObject: {fileID: 1000011207722662}
  m_LocalRotation: {x: 0, y: 0, z: 0, w: 1}
  m_LocalPosition: {x: 0, y: 0, z: 0}
  m_LocalScale: {x: 1, y: 1, z: 1}
  m_Children:
  - {fileID: 4000010951570764}
  m_Father: {fileID: 4000010124905140}
  m_RootOrder: 0
  m_LocalEulerAnglesHint: {x: 0, y: 0, z: 0}
--- !u!4 &4000011290824644
Transform:
  m_ObjectHideFlags: 1
  m_PrefabParentObject: {fileID: 0}
  m_PrefabInternal: {fileID: 100100000}
  m_GameObject: {fileID: 1000010112580236}
  m_LocalRotation: {x: 0, y: -0, z: -1.6653345e-15, w: 1}
  m_LocalPosition: {x: -0.3106261, y: 6.897285e-17, z: 0}
  m_LocalScale: {x: 1, y: 1, z: 1}
  m_Children:
  - {fileID: 4000011984851090}
  m_Father: {fileID: 4000011057976762}
  m_RootOrder: 0
  m_LocalEulerAnglesHint: {x: 0, y: 0, z: 0}
--- !u!4 &4000011319985038
Transform:
  m_ObjectHideFlags: 1
  m_PrefabParentObject: {fileID: 0}
  m_PrefabInternal: {fileID: 100100000}
  m_GameObject: {fileID: 1000010764581872}
  m_LocalRotation: {x: 0, y: -0, z: -0.7071068, w: 0.7071068}
  m_LocalPosition: {x: -0.21910845, y: -0.565232, z: 0}
  m_LocalScale: {x: 1, y: 1, z: 1}
  m_Children:
  - {fileID: 4000010860554282}
  m_Father: {fileID: 4000011057976762}
  m_RootOrder: 1
  m_LocalEulerAnglesHint: {x: 0, y: 0, z: 0}
--- !u!4 &4000011335910326
Transform:
  m_ObjectHideFlags: 1
  m_PrefabParentObject: {fileID: 0}
  m_PrefabInternal: {fileID: 100100000}
  m_GameObject: {fileID: 1000011920894990}
  m_LocalRotation: {x: -1.7658669e-13, y: 1, z: -7.2736614e-16, w: -2.2836737e-15}
  m_LocalPosition: {x: 0.4403, y: -5.684342e-16, z: 5.39209e-17}
  m_LocalScale: {x: 1, y: 1, z: 1}
  m_Children: []
  m_Father: {fileID: 4000010860554282}
  m_RootOrder: 1
  m_LocalEulerAnglesHint: {x: 0, y: 0, z: 0}
--- !u!4 &4000011440709856
Transform:
  m_ObjectHideFlags: 1
  m_PrefabParentObject: {fileID: 0}
  m_PrefabInternal: {fileID: 100100000}
  m_GameObject: {fileID: 1000012243593972}
  m_LocalRotation: {x: -1.5346153e-16, y: 3.6414325e-16, z: 0.000000059604638, w: 1}
  m_LocalPosition: {x: -0, y: -0.115595415, z: -0.0003385353}
  m_LocalScale: {x: 1, y: 1, z: 1}
  m_Children: []
  m_Father: {fileID: 4000011984851090}
  m_RootOrder: 0
  m_LocalEulerAnglesHint: {x: 0, y: 0, z: 0}
--- !u!4 &4000011862671266
Transform:
  m_ObjectHideFlags: 1
  m_PrefabParentObject: {fileID: 0}
  m_PrefabInternal: {fileID: 100100000}
  m_GameObject: {fileID: 1000012144377274}
  m_LocalRotation: {x: 0.50042224, y: 0.5004222, z: -0.49957308, w: 0.49958178}
  m_LocalPosition: {x: -0.38874373, y: 1.20736755e-17, z: 7.342678e-12}
  m_LocalScale: {x: 1, y: 1, z: 1}
  m_Children: []
  m_Father: {fileID: 4000010737904444}
  m_RootOrder: 0
  m_LocalEulerAnglesHint: {x: 0, y: 0, z: 0}
--- !u!4 &4000011905088626
Transform:
  m_ObjectHideFlags: 1
  m_PrefabParentObject: {fileID: 0}
  m_PrefabInternal: {fileID: 100100000}
  m_GameObject: {fileID: 1000012030610784}
  m_LocalRotation: {x: 1.4105955e-13, y: 1, z: -1.1714554e-15, w: 1.8533623e-15}
  m_LocalPosition: {x: -0.4403, y: -8.5265126e-16, z: -5.3921198e-17}
  m_LocalScale: {x: 1, y: 1, z: 1}
  m_Children: []
  m_Father: {fileID: 4000012537342116}
  m_RootOrder: 0
  m_LocalEulerAnglesHint: {x: 0, y: 0, z: 0}
--- !u!4 &4000011924201488
Transform:
  m_ObjectHideFlags: 1
  m_PrefabParentObject: {fileID: 0}
  m_PrefabInternal: {fileID: 100100000}
  m_GameObject: {fileID: 1000010332923962}
  m_LocalRotation: {x: 0, y: 0, z: 0, w: 1}
  m_LocalPosition: {x: 0.0045175473, y: 0.2997954, z: 1.847184}
  m_LocalScale: {x: 1, y: 1, z: 1}
  m_Children: []
  m_Father: {fileID: 4000010162441076}
  m_RootOrder: 5
  m_LocalEulerAnglesHint: {x: 0, y: 0, z: 0}
--- !u!4 &4000011984851090
Transform:
  m_ObjectHideFlags: 1
  m_PrefabParentObject: {fileID: 0}
  m_PrefabInternal: {fileID: 100100000}
  m_GameObject: {fileID: 1000011554742734}
  m_LocalRotation: {x: 3.6511133e-16, y: -1.4823535e-16, z: 0.7071068, w: 0.7071068}
  m_LocalPosition: {x: -0.54227096, y: 1.2040834e-16, z: 0}
  m_LocalScale: {x: 1, y: 1, z: 1}
  m_Children:
  - {fileID: 4000011440709856}
  m_Father: {fileID: 4000011290824644}
  m_RootOrder: 0
  m_LocalEulerAnglesHint: {x: 0, y: 0, z: 0}
--- !u!4 &4000011985345672
Transform:
  m_ObjectHideFlags: 1
  m_PrefabParentObject: {fileID: 0}
  m_PrefabInternal: {fileID: 100100000}
  m_GameObject: {fileID: 1000013175884264}
  m_LocalRotation: {x: 0.50117123, y: 0.5011969, z: -0.498829, w: 0.49879736}
  m_LocalPosition: {x: 0.388744, y: 8.197164e-12, z: -3.690733e-11}
  m_LocalScale: {x: 1, y: 1, z: 1}
  m_Children: []
  m_Father: {fileID: 4000010806536256}
  m_RootOrder: 0
  m_LocalEulerAnglesHint: {x: 0, y: 0, z: 0}
--- !u!4 &4000012537342116
Transform:
  m_ObjectHideFlags: 1
  m_PrefabParentObject: {fileID: 0}
  m_PrefabInternal: {fileID: 100100000}
  m_GameObject: {fileID: 1000011495506278}
  m_LocalRotation: {x: 0, y: 0, z: 8.317999e-16, w: 1}
  m_LocalPosition: {x: -0.47118998, y: 5.684342e-16, z: -5.770413e-17}
  m_LocalScale: {x: 1, y: 1, z: 1}
  m_Children:
  - {fileID: 4000011905088626}
  m_Father: {fileID: 4000013146940720}
  m_RootOrder: 0
  m_LocalEulerAnglesHint: {x: 0, y: 0, z: 0}
--- !u!4 &4000012711299698
Transform:
  m_ObjectHideFlags: 1
  m_PrefabParentObject: {fileID: 0}
  m_PrefabInternal: {fileID: 100100000}
  m_GameObject: {fileID: 1000013149169974}
  m_LocalRotation: {x: 0.86602545, y: 0, z: 0, w: 0.49999994}
  m_LocalPosition: {x: 0.3, y: -0.1, z: -0}
  m_LocalScale: {x: 1, y: 1, z: 1}
  m_Children: []
  m_Father: {fileID: 4000010860554282}
  m_RootOrder: 0
  m_LocalEulerAnglesHint: {x: 120, y: 0, z: 0}
--- !u!4 &4000012989259806
Transform:
  m_ObjectHideFlags: 1
  m_PrefabParentObject: {fileID: 0}
  m_PrefabInternal: {fileID: 100100000}
  m_GameObject: {fileID: 1000011507230050}
  m_LocalRotation: {x: 0, y: 0, z: 0, w: 1}
  m_LocalPosition: {x: 0, y: 0, z: 0}
  m_LocalScale: {x: 1, y: 1, z: 1}
  m_Children: []
  m_Father: {fileID: 4000010124905140}
  m_RootOrder: 1
  m_LocalEulerAnglesHint: {x: 0, y: 0, z: 0}
--- !u!4 &4000013146940720
Transform:
  m_ObjectHideFlags: 1
  m_PrefabParentObject: {fileID: 0}
  m_PrefabInternal: {fileID: 100100000}
  m_GameObject: {fileID: 1000011559779804}
  m_LocalRotation: {x: -0.7071068, y: 0.7071068, z: 4.3352284e-17, w: -4.3243328e-17}
  m_LocalPosition: {x: -0.21910845, y: 0.565232, z: 0}
  m_LocalScale: {x: 1, y: 1, z: 1}
  m_Children:
  - {fileID: 4000012537342116}
  m_Father: {fileID: 4000011057976762}
  m_RootOrder: 2
  m_LocalEulerAnglesHint: {x: 0, y: 0, z: 0}
--- !u!4 &4000013439143896
Transform:
  m_ObjectHideFlags: 1
  m_PrefabParentObject: {fileID: 0}
  m_PrefabInternal: {fileID: 100100000}
  m_GameObject: {fileID: 1000012086151628}
  m_LocalRotation: {x: 0, y: 0, z: 0.7071068, w: 0.7071068}
  m_LocalPosition: {x: -0.1, y: 0.525, z: 0.15}
  m_LocalScale: {x: 1, y: 1, z: 1}
  m_Children: []
  m_Father: {fileID: 4000014225689888}
  m_RootOrder: 1
  m_LocalEulerAnglesHint: {x: 0, y: 0, z: 90}
--- !u!4 &4000013967986634
Transform:
  m_ObjectHideFlags: 1
  m_PrefabParentObject: {fileID: 0}
  m_PrefabInternal: {fileID: 100100000}
  m_GameObject: {fileID: 1000012994995218}
  m_LocalRotation: {x: -0.49918568, y: 0.8664699, z: 0.0057249772, w: -0.003284124}
  m_LocalPosition: {x: 0.12763838, y: -0.22304337, z: 0}
  m_LocalScale: {x: 1, y: 1, z: 1}
  m_Children:
  - {fileID: 4000010806536256}
  m_Father: {fileID: 4000010951570764}
  m_RootOrder: 2
  m_LocalEulerAnglesHint: {x: 0, y: 0, z: 0}
--- !u!4 &4000014046796924
Transform:
  m_ObjectHideFlags: 1
  m_PrefabParentObject: {fileID: 0}
  m_PrefabInternal: {fileID: 100100000}
  m_GameObject: {fileID: 1000010558741098}
  m_LocalRotation: {x: -0.00013711104, y: -0.00008424717, z: 0.49917465, w: 0.8665014}
  m_LocalPosition: {x: -0.25698245, y: -1.4210854e-16, z: 0}
  m_LocalScale: {x: 1, y: 1, z: 1}
  m_Children:
  - {fileID: 4000010737904444}
  m_Father: {fileID: 4000010951570764}
  m_RootOrder: 1
  m_LocalEulerAnglesHint: {x: 0, y: 0, z: 0}
--- !u!4 &4000014061001728
Transform:
  m_ObjectHideFlags: 1
  m_PrefabParentObject: {fileID: 0}
  m_PrefabInternal: {fileID: 100100000}
  m_GameObject: {fileID: 1000010678527822}
  m_LocalRotation: {x: 0, y: 0, z: 0, w: 1}
  m_LocalPosition: {x: 0.00651025, y: 0.10789972, z: 1.2990961}
  m_LocalScale: {x: 1, y: 1, z: 1}
  m_Children: []
  m_Father: {fileID: 4000010162441076}
  m_RootOrder: 1
  m_LocalEulerAnglesHint: {x: 0, y: 0, z: 0}
--- !u!4 &4000014142258332
Transform:
  m_ObjectHideFlags: 1
  m_PrefabParentObject: {fileID: 0}
  m_PrefabInternal: {fileID: 100100000}
  m_GameObject: {fileID: 1000010550953562}
  m_LocalRotation: {x: 0, y: 0, z: 0, w: 1}
  m_LocalPosition: {x: 0.005991928, y: 0.0064792307, z: 0.9425256}
  m_LocalScale: {x: 1, y: 1, z: 1}
  m_Children: []
  m_Father: {fileID: 4000010162441076}
  m_RootOrder: 2
  m_LocalEulerAnglesHint: {x: 0, y: 0, z: 0}
--- !u!4 &4000014225689888
Transform:
  m_ObjectHideFlags: 1
  m_PrefabParentObject: {fileID: 0}
  m_PrefabInternal: {fileID: 100100000}
  m_GameObject: {fileID: 1000012355292110}
  m_LocalRotation: {x: 0, y: 0, z: 0.86650366, w: -0.49917072}
  m_LocalPosition: {x: 0.009555898, y: 0.016478358, z: 0}
  m_LocalScale: {x: 1.0000001, y: 1, z: 1}
  m_Children:
  - {fileID: 4000011057976762}
  - {fileID: 4000013439143896}
  m_Father: {fileID: 4000010951570764}
  m_RootOrder: 0
  m_LocalEulerAnglesHint: {x: 0, y: 0, z: 0}
--- !u!4 &4000014281637286
Transform:
  m_ObjectHideFlags: 1
  m_PrefabParentObject: {fileID: 0}
  m_PrefabInternal: {fileID: 100100000}
  m_GameObject: {fileID: 1000013997685640}
  m_LocalRotation: {x: 0, y: 0, z: 0, w: 1}
  m_LocalPosition: {x: 0.0005476395, y: 0.4324265, z: 0.22449923}
  m_LocalScale: {x: 1, y: 1, z: 1}
  m_Children: []
  m_Father: {fileID: 4000010162441076}
  m_RootOrder: 0
  m_LocalEulerAnglesHint: {x: 0, y: 0, z: 0}
--- !u!23 &23000010082211546
MeshRenderer:
  m_ObjectHideFlags: 1
  m_PrefabParentObject: {fileID: 0}
  m_PrefabInternal: {fileID: 100100000}
  m_GameObject: {fileID: 1000010332923962}
  m_Enabled: 1
  m_CastShadows: 1
  m_ReceiveShadows: 1
  m_DynamicOccludee: 1
  m_MotionVectors: 1
  m_LightProbeUsage: 1
  m_ReflectionProbeUsage: 1
  m_Materials:
  - {fileID: 2100000, guid: 3d79e67ca75114a7c9059db0c009019d, type: 2}
  m_StaticBatchInfo:
    firstSubMesh: 0
    subMeshCount: 0
  m_StaticBatchRoot: {fileID: 0}
  m_ProbeAnchor: {fileID: 0}
  m_LightProbeVolumeOverride: {fileID: 0}
  m_ScaleInLightmap: 1
  m_PreserveUVs: 0
  m_IgnoreNormalsForChartDetection: 0
  m_ImportantGI: 0
  m_StitchLightmapSeams: 0
  m_SelectedEditorRenderState: 3
  m_MinimumChartSize: 4
  m_AutoUVMaxDistance: 0.5
  m_AutoUVMaxAngle: 89
  m_LightmapParameters: {fileID: 0}
  m_SortingLayerID: 0
  m_SortingLayer: 0
  m_SortingOrder: 0
--- !u!23 &23000010098215674
MeshRenderer:
  m_ObjectHideFlags: 1
  m_PrefabParentObject: {fileID: 0}
  m_PrefabInternal: {fileID: 100100000}
  m_GameObject: {fileID: 1000013924752252}
  m_Enabled: 1
  m_CastShadows: 1
  m_ReceiveShadows: 1
  m_DynamicOccludee: 1
  m_MotionVectors: 1
  m_LightProbeUsage: 1
  m_ReflectionProbeUsage: 1
  m_Materials:
  - {fileID: 2100000, guid: 3d79e67ca75114a7c9059db0c009019d, type: 2}
  m_StaticBatchInfo:
    firstSubMesh: 0
    subMeshCount: 0
  m_StaticBatchRoot: {fileID: 0}
  m_ProbeAnchor: {fileID: 0}
  m_LightProbeVolumeOverride: {fileID: 0}
  m_ScaleInLightmap: 1
  m_PreserveUVs: 0
  m_IgnoreNormalsForChartDetection: 0
  m_ImportantGI: 0
  m_StitchLightmapSeams: 0
  m_SelectedEditorRenderState: 3
  m_MinimumChartSize: 4
  m_AutoUVMaxDistance: 0.5
  m_AutoUVMaxAngle: 89
  m_LightmapParameters: {fileID: 0}
  m_SortingLayerID: 0
  m_SortingLayer: 0
  m_SortingOrder: 0
--- !u!23 &23000010157266796
MeshRenderer:
  m_ObjectHideFlags: 1
  m_PrefabParentObject: {fileID: 0}
  m_PrefabInternal: {fileID: 100100000}
  m_GameObject: {fileID: 1000010455689508}
  m_Enabled: 1
  m_CastShadows: 1
  m_ReceiveShadows: 1
  m_DynamicOccludee: 1
  m_MotionVectors: 1
  m_LightProbeUsage: 1
  m_ReflectionProbeUsage: 1
  m_Materials:
  - {fileID: 2100000, guid: 3d79e67ca75114a7c9059db0c009019d, type: 2}
  m_StaticBatchInfo:
    firstSubMesh: 0
    subMeshCount: 0
  m_StaticBatchRoot: {fileID: 0}
  m_ProbeAnchor: {fileID: 0}
  m_LightProbeVolumeOverride: {fileID: 0}
  m_ScaleInLightmap: 1
  m_PreserveUVs: 0
  m_IgnoreNormalsForChartDetection: 0
  m_ImportantGI: 0
  m_StitchLightmapSeams: 0
  m_SelectedEditorRenderState: 3
  m_MinimumChartSize: 4
  m_AutoUVMaxDistance: 0.5
  m_AutoUVMaxAngle: 89
  m_LightmapParameters: {fileID: 0}
  m_SortingLayerID: 0
  m_SortingLayer: 0
  m_SortingOrder: 0
--- !u!23 &23000011220035408
MeshRenderer:
  m_ObjectHideFlags: 1
  m_PrefabParentObject: {fileID: 0}
  m_PrefabInternal: {fileID: 100100000}
  m_GameObject: {fileID: 1000013997685640}
  m_Enabled: 1
  m_CastShadows: 1
  m_ReceiveShadows: 1
  m_DynamicOccludee: 1
  m_MotionVectors: 1
  m_LightProbeUsage: 1
  m_ReflectionProbeUsage: 1
  m_Materials:
  - {fileID: 2100000, guid: 3d79e67ca75114a7c9059db0c009019d, type: 2}
  m_StaticBatchInfo:
    firstSubMesh: 0
    subMeshCount: 0
  m_StaticBatchRoot: {fileID: 0}
  m_ProbeAnchor: {fileID: 0}
  m_LightProbeVolumeOverride: {fileID: 0}
  m_ScaleInLightmap: 1
  m_PreserveUVs: 0
  m_IgnoreNormalsForChartDetection: 0
  m_ImportantGI: 0
  m_StitchLightmapSeams: 0
  m_SelectedEditorRenderState: 3
  m_MinimumChartSize: 4
  m_AutoUVMaxDistance: 0.5
  m_AutoUVMaxAngle: 89
  m_LightmapParameters: {fileID: 0}
  m_SortingLayerID: 0
  m_SortingLayer: 0
  m_SortingOrder: 0
--- !u!23 &23000011739556530
MeshRenderer:
  m_ObjectHideFlags: 1
  m_PrefabParentObject: {fileID: 0}
  m_PrefabInternal: {fileID: 100100000}
  m_GameObject: {fileID: 1000010550953562}
  m_Enabled: 1
  m_CastShadows: 1
  m_ReceiveShadows: 1
  m_DynamicOccludee: 1
  m_MotionVectors: 1
  m_LightProbeUsage: 1
  m_ReflectionProbeUsage: 1
  m_Materials:
  - {fileID: 2100000, guid: 3d79e67ca75114a7c9059db0c009019d, type: 2}
  m_StaticBatchInfo:
    firstSubMesh: 0
    subMeshCount: 0
  m_StaticBatchRoot: {fileID: 0}
  m_ProbeAnchor: {fileID: 0}
  m_LightProbeVolumeOverride: {fileID: 0}
  m_ScaleInLightmap: 1
  m_PreserveUVs: 0
  m_IgnoreNormalsForChartDetection: 0
  m_ImportantGI: 0
  m_StitchLightmapSeams: 0
  m_SelectedEditorRenderState: 3
  m_MinimumChartSize: 4
  m_AutoUVMaxDistance: 0.5
  m_AutoUVMaxAngle: 89
  m_LightmapParameters: {fileID: 0}
  m_SortingLayerID: 0
  m_SortingLayer: 0
  m_SortingOrder: 0
--- !u!23 &23000011777294202
MeshRenderer:
  m_ObjectHideFlags: 1
  m_PrefabParentObject: {fileID: 0}
  m_PrefabInternal: {fileID: 100100000}
  m_GameObject: {fileID: 1000012086151628}
  m_Enabled: 1
  m_CastShadows: 1
  m_ReceiveShadows: 1
  m_DynamicOccludee: 1
  m_MotionVectors: 1
  m_LightProbeUsage: 1
  m_ReflectionProbeUsage: 1
  m_Materials:
  - {fileID: 2100000, guid: 3d79e67ca75114a7c9059db0c009019d, type: 2}
  m_StaticBatchInfo:
    firstSubMesh: 0
    subMeshCount: 0
  m_StaticBatchRoot: {fileID: 0}
  m_ProbeAnchor: {fileID: 0}
  m_LightProbeVolumeOverride: {fileID: 0}
  m_ScaleInLightmap: 1
  m_PreserveUVs: 0
  m_IgnoreNormalsForChartDetection: 0
  m_ImportantGI: 0
  m_StitchLightmapSeams: 0
  m_SelectedEditorRenderState: 3
  m_MinimumChartSize: 4
  m_AutoUVMaxDistance: 0.5
  m_AutoUVMaxAngle: 89
  m_LightmapParameters: {fileID: 0}
  m_SortingLayerID: 0
  m_SortingLayer: 0
  m_SortingOrder: 0
--- !u!23 &23000012317399810
MeshRenderer:
  m_ObjectHideFlags: 1
  m_PrefabParentObject: {fileID: 0}
  m_PrefabInternal: {fileID: 100100000}
  m_GameObject: {fileID: 1000010678527822}
  m_Enabled: 1
  m_CastShadows: 1
  m_ReceiveShadows: 1
  m_DynamicOccludee: 1
  m_MotionVectors: 1
  m_LightProbeUsage: 1
  m_ReflectionProbeUsage: 1
  m_Materials:
  - {fileID: 2100000, guid: 3d79e67ca75114a7c9059db0c009019d, type: 2}
  m_StaticBatchInfo:
    firstSubMesh: 0
    subMeshCount: 0
  m_StaticBatchRoot: {fileID: 0}
  m_ProbeAnchor: {fileID: 0}
  m_LightProbeVolumeOverride: {fileID: 0}
  m_ScaleInLightmap: 1
  m_PreserveUVs: 0
  m_IgnoreNormalsForChartDetection: 0
  m_ImportantGI: 0
  m_StitchLightmapSeams: 0
  m_SelectedEditorRenderState: 3
  m_MinimumChartSize: 4
  m_AutoUVMaxDistance: 0.5
  m_AutoUVMaxAngle: 89
  m_LightmapParameters: {fileID: 0}
  m_SortingLayerID: 0
  m_SortingLayer: 0
  m_SortingOrder: 0
--- !u!23 &23000012608051496
MeshRenderer:
  m_ObjectHideFlags: 1
  m_PrefabParentObject: {fileID: 0}
  m_PrefabInternal: {fileID: 100100000}
  m_GameObject: {fileID: 1000010369288320}
  m_Enabled: 1
  m_CastShadows: 1
  m_ReceiveShadows: 1
  m_DynamicOccludee: 1
  m_MotionVectors: 1
  m_LightProbeUsage: 1
  m_ReflectionProbeUsage: 1
  m_Materials:
  - {fileID: 2100000, guid: 3d79e67ca75114a7c9059db0c009019d, type: 2}
  m_StaticBatchInfo:
    firstSubMesh: 0
    subMeshCount: 0
  m_StaticBatchRoot: {fileID: 0}
  m_ProbeAnchor: {fileID: 0}
  m_LightProbeVolumeOverride: {fileID: 0}
  m_ScaleInLightmap: 1
  m_PreserveUVs: 0
  m_IgnoreNormalsForChartDetection: 0
  m_ImportantGI: 0
  m_StitchLightmapSeams: 0
  m_SelectedEditorRenderState: 3
  m_MinimumChartSize: 4
  m_AutoUVMaxDistance: 0.5
  m_AutoUVMaxAngle: 89
  m_LightmapParameters: {fileID: 0}
  m_SortingLayerID: 0
  m_SortingLayer: 0
  m_SortingOrder: 0
--- !u!23 &23000012888755140
MeshRenderer:
  m_ObjectHideFlags: 1
  m_PrefabParentObject: {fileID: 0}
  m_PrefabInternal: {fileID: 100100000}
  m_GameObject: {fileID: 1000013149169974}
  m_Enabled: 1
  m_CastShadows: 1
  m_ReceiveShadows: 1
  m_DynamicOccludee: 1
  m_MotionVectors: 1
  m_LightProbeUsage: 0
  m_ReflectionProbeUsage: 1
  m_Materials:
  - {fileID: 2100000, guid: cb89f5d9047cc40f9ae0664d00924ce1, type: 2}
  m_StaticBatchInfo:
    firstSubMesh: 0
    subMeshCount: 0
  m_StaticBatchRoot: {fileID: 0}
  m_ProbeAnchor: {fileID: 0}
  m_LightProbeVolumeOverride: {fileID: 0}
  m_ScaleInLightmap: 1
  m_PreserveUVs: 0
  m_IgnoreNormalsForChartDetection: 0
  m_ImportantGI: 0
  m_StitchLightmapSeams: 0
  m_SelectedEditorRenderState: 3
  m_MinimumChartSize: 4
  m_AutoUVMaxDistance: 0.5
  m_AutoUVMaxAngle: 89
  m_LightmapParameters: {fileID: 0}
  m_SortingLayerID: 0
  m_SortingLayer: 0
  m_SortingOrder: 0
--- !u!23 &23000013789446776
MeshRenderer:
  m_ObjectHideFlags: 1
  m_PrefabParentObject: {fileID: 0}
  m_PrefabInternal: {fileID: 100100000}
  m_GameObject: {fileID: 1000012243593972}
  m_Enabled: 1
  m_CastShadows: 1
  m_ReceiveShadows: 1
  m_DynamicOccludee: 1
  m_MotionVectors: 1
  m_LightProbeUsage: 0
  m_ReflectionProbeUsage: 1
  m_Materials:
  - {fileID: 2100000, guid: 6d15766ea38a34b4b9547d920ae8aee1, type: 2}
  m_StaticBatchInfo:
    firstSubMesh: 0
    subMeshCount: 0
  m_StaticBatchRoot: {fileID: 0}
  m_ProbeAnchor: {fileID: 0}
  m_LightProbeVolumeOverride: {fileID: 0}
  m_ScaleInLightmap: 1
  m_PreserveUVs: 0
  m_IgnoreNormalsForChartDetection: 0
  m_ImportantGI: 0
  m_StitchLightmapSeams: 0
  m_SelectedEditorRenderState: 3
  m_MinimumChartSize: 4
  m_AutoUVMaxDistance: 0.5
  m_AutoUVMaxAngle: 89
  m_LightmapParameters: {fileID: 0}
  m_SortingLayerID: 0
  m_SortingLayer: 0
  m_SortingOrder: 0
--- !u!33 &33000010000938566
MeshFilter:
  m_ObjectHideFlags: 1
  m_PrefabParentObject: {fileID: 0}
  m_PrefabInternal: {fileID: 100100000}
  m_GameObject: {fileID: 1000010455689508}
  m_Mesh: {fileID: 4300002, guid: 437e699c0f54d50479dd6d7a45b1107b, type: 3}
--- !u!33 &33000010058967600
MeshFilter:
  m_ObjectHideFlags: 1
  m_PrefabParentObject: {fileID: 0}
  m_PrefabInternal: {fileID: 100100000}
  m_GameObject: {fileID: 1000013924752252}
  m_Mesh: {fileID: 4300000, guid: 437e699c0f54d50479dd6d7a45b1107b, type: 3}
--- !u!33 &33000011182933654
MeshFilter:
  m_ObjectHideFlags: 1
  m_PrefabParentObject: {fileID: 0}
  m_PrefabInternal: {fileID: 100100000}
  m_GameObject: {fileID: 1000013997685640}
  m_Mesh: {fileID: 4300010, guid: 437e699c0f54d50479dd6d7a45b1107b, type: 3}
--- !u!33 &33000011381538824
MeshFilter:
  m_ObjectHideFlags: 1
  m_PrefabParentObject: {fileID: 0}
  m_PrefabInternal: {fileID: 100100000}
  m_GameObject: {fileID: 1000012243593972}
  m_Mesh: {fileID: 4300038, guid: 69a526a296b75074db3310a32ab2ba19, type: 3}
--- !u!33 &33000011429233888
MeshFilter:
  m_ObjectHideFlags: 1
  m_PrefabParentObject: {fileID: 0}
  m_PrefabInternal: {fileID: 100100000}
  m_GameObject: {fileID: 1000010369288320}
  m_Mesh: {fileID: 4300008, guid: 437e699c0f54d50479dd6d7a45b1107b, type: 3}
--- !u!33 &33000012239239912
MeshFilter:
  m_ObjectHideFlags: 1
  m_PrefabParentObject: {fileID: 0}
  m_PrefabInternal: {fileID: 100100000}
  m_GameObject: {fileID: 1000010678527822}
  m_Mesh: {fileID: 4300004, guid: 437e699c0f54d50479dd6d7a45b1107b, type: 3}
--- !u!33 &33000012494272722
MeshFilter:
  m_ObjectHideFlags: 1
  m_PrefabParentObject: {fileID: 0}
  m_PrefabInternal: {fileID: 100100000}
  m_GameObject: {fileID: 1000010550953562}
  m_Mesh: {fileID: 4300012, guid: 437e699c0f54d50479dd6d7a45b1107b, type: 3}
--- !u!33 &33000012873509672
MeshFilter:
  m_ObjectHideFlags: 1
  m_PrefabParentObject: {fileID: 0}
  m_PrefabInternal: {fileID: 100100000}
  m_GameObject: {fileID: 1000013149169974}
  m_Mesh: {fileID: 4300000, guid: b396ec27cbadaf54ea4120f7f69486b5, type: 3}
--- !u!33 &33000013026255050
MeshFilter:
  m_ObjectHideFlags: 1
  m_PrefabParentObject: {fileID: 0}
  m_PrefabInternal: {fileID: 100100000}
  m_GameObject: {fileID: 1000010332923962}
  m_Mesh: {fileID: 4300006, guid: 437e699c0f54d50479dd6d7a45b1107b, type: 3}
--- !u!33 &33000013423620036
MeshFilter:
  m_ObjectHideFlags: 1
  m_PrefabParentObject: {fileID: 0}
  m_PrefabInternal: {fileID: 100100000}
  m_GameObject: {fileID: 1000012086151628}
  m_Mesh: {fileID: 4300000, guid: cb2d084e9a171c14fb9d268a309108d0, type: 3}
--- !u!95 &95000013658366234
Animator:
  serializedVersion: 3
  m_ObjectHideFlags: 1
  m_PrefabParentObject: {fileID: 0}
  m_PrefabInternal: {fileID: 100100000}
  m_GameObject: {fileID: 1000012589696274}
  m_Enabled: 1
  m_Avatar: {fileID: 9000000, guid: 255377ae1700518438342ed74889e165, type: 3}
  m_Controller: {fileID: 9100000, guid: 832b55999d96c4c22a733924e2749d5e, type: 2}
  m_CullingMode: 1
  m_UpdateMode: 0
  m_ApplyRootMotion: 1
  m_LinearVelocityBlending: 0
  m_WarningMessage: 
  m_HasTransformHierarchy: 1
  m_AllowConstantClipSamplingOptimization: 1
--- !u!114 &114000010065231776
MonoBehaviour:
  m_ObjectHideFlags: 1
  m_PrefabParentObject: {fileID: 0}
  m_PrefabInternal: {fileID: 100100000}
  m_GameObject: {fileID: 1000013149169974}
  m_Enabled: 1
  m_EditorHideFlags: 0
  m_Script: {fileID: 11500000, guid: a57e0e363027e48458f117bb7d1b39ff, type: 3}
  m_Name: 
  m_EditorClassIdentifier: 
  materialsList:
  - matName: ZX_Mat_Zombie_Riot_Cop_Blue_Riot Shield
    usingShader: 
    shaderVisible: 1
    animate:
    - propertyName: _MainTex
      AnimateUV: 0
      instantiate: 1
      ScrollSpeed: {x: -0.4, y: 0}
      UVOffset: {x: 0, y: 0}
      RotateSpeed: 100
      UVRotate: 0
      RotatePivot: {x: 0.5, y: 0.5}
      matrix: _MainTexMatrix
    - propertyName: _EmissionMap
      AnimateUV: 0
      instantiate: 1
      ScrollSpeed: {x: -0.4, y: 0}
      UVOffset: {x: 0, y: 0}
      RotateSpeed: 100
      UVRotate: 0
      RotatePivot: {x: 0.5, y: 0.5}
      matrix: _EmissionMapMatrix
--- !u!114 &114000010621319210
MonoBehaviour:
  m_ObjectHideFlags: 1
  m_PrefabParentObject: {fileID: 0}
  m_PrefabInternal: {fileID: 100100000}
  m_GameObject: {fileID: 1000013924752252}
  m_Enabled: 1
  m_EditorHideFlags: 0
  m_Script: {fileID: 11500000, guid: fe770fb5045a92d4ea3f5f912dde6ca0, type: 3}
  m_Name: 
  m_EditorClassIdentifier: 
  holdOnRagdoll: 0
--- !u!114 &114000010923981014
MonoBehaviour:
  m_ObjectHideFlags: 1
  m_PrefabParentObject: {fileID: 0}
  m_PrefabInternal: {fileID: 100100000}
  m_GameObject: {fileID: 1000010550953562}
  m_Enabled: 1
  m_EditorHideFlags: 0
  m_Script: {fileID: 11500000, guid: a57e0e363027e48458f117bb7d1b39ff, type: 3}
  m_Name: 
  m_EditorClassIdentifier: 
  materialsList:
  - matName: ZX_Mat_SimpleApocalypse_Baseline
    usingShader: 
    shaderVisible: 1
    animate:
    - propertyName: _MainTex
      AnimateUV: 0
      instantiate: 1
      ScrollSpeed: {x: -0.4, y: 0}
      UVOffset: {x: 0, y: 0}
      RotateSpeed: 100
      UVRotate: 0
      RotatePivot: {x: 0.5, y: 0.5}
      matrix: _MainTexMatrix
    - propertyName: _DecalTex
      AnimateUV: 0
      instantiate: 1
      ScrollSpeed: {x: -0.4, y: 0}
      UVOffset: {x: 0, y: 0}
      RotateSpeed: 100
      UVRotate: 0
      RotatePivot: {x: 0.5, y: 0.5}
      matrix: _DecalTexMatrix
--- !u!114 &114000011794845762
MonoBehaviour:
  m_ObjectHideFlags: 1
  m_PrefabParentObject: {fileID: 0}
  m_PrefabInternal: {fileID: 100100000}
  m_GameObject: {fileID: 1000012243593972}
  m_Enabled: 1
  m_EditorHideFlags: 0
  m_Script: {fileID: 11500000, guid: fe770fb5045a92d4ea3f5f912dde6ca0, type: 3}
  m_Name: 
  m_EditorClassIdentifier: 
  holdOnRagdoll: 1
--- !u!114 &114000011972414746
MonoBehaviour:
  m_ObjectHideFlags: 1
  m_PrefabParentObject: {fileID: 0}
  m_PrefabInternal: {fileID: 100100000}
  m_GameObject: {fileID: 1000012086151628}
  m_Enabled: 1
  m_EditorHideFlags: 0
  m_Script: {fileID: 11500000, guid: a57e0e363027e48458f117bb7d1b39ff, type: 3}
  m_Name: 
  m_EditorClassIdentifier: 
  materialsList:
  - matName: ZX_Mat_SimpleApocalypse_Baseline
    usingShader: 
    shaderVisible: 1
    animate:
    - propertyName: _MainTex
      AnimateUV: 0
      instantiate: 1
      ScrollSpeed: {x: -0.4, y: 0}
      UVOffset: {x: 0, y: 0}
      RotateSpeed: 100
      UVRotate: 0
      RotatePivot: {x: 0.5, y: 0.5}
      matrix: _MainTexMatrix
    - propertyName: _DecalTex
      AnimateUV: 0
      instantiate: 1
      ScrollSpeed: {x: -0.4, y: 0}
      UVOffset: {x: 0, y: 0}
      RotateSpeed: 100
      UVRotate: 0
      RotatePivot: {x: 0.5, y: 0.5}
      matrix: _DecalTexMatrix
--- !u!114 &114000012230231430
MonoBehaviour:
  m_ObjectHideFlags: 1
  m_PrefabParentObject: {fileID: 0}
  m_PrefabInternal: {fileID: 100100000}
  m_GameObject: {fileID: 1000013149169974}
  m_Enabled: 1
  m_EditorHideFlags: 0
  m_Script: {fileID: 11500000, guid: fe770fb5045a92d4ea3f5f912dde6ca0, type: 3}
  m_Name: 
  m_EditorClassIdentifier: 
  holdOnRagdoll: 0
--- !u!114 &114000012426084036
MonoBehaviour:
  m_ObjectHideFlags: 1
  m_PrefabParentObject: {fileID: 0}
  m_PrefabInternal: {fileID: 100100000}
  m_GameObject: {fileID: 1000013924752252}
  m_Enabled: 1
  m_EditorHideFlags: 0
  m_Script: {fileID: 11500000, guid: a57e0e363027e48458f117bb7d1b39ff, type: 3}
  m_Name: 
  m_EditorClassIdentifier: 
  materialsList:
  - matName: ZX_Mat_SimpleApocalypse_Baseline
    usingShader: 
    shaderVisible: 1
    animate:
    - propertyName: _MainTex
      AnimateUV: 0
      instantiate: 1
      ScrollSpeed: {x: -0.4, y: 0}
      UVOffset: {x: 0, y: 0}
      RotateSpeed: 100
      UVRotate: 0
      RotatePivot: {x: 0.5, y: 0.5}
      matrix: _MainTexMatrix
    - propertyName: _DecalTex
      AnimateUV: 0
      instantiate: 1
      ScrollSpeed: {x: -0.4, y: 0}
      UVOffset: {x: 0, y: 0}
      RotateSpeed: 100
      UVRotate: 0
      RotatePivot: {x: 0.5, y: 0.5}
      matrix: _DecalTexMatrix
--- !u!114 &114000012965273436
MonoBehaviour:
  m_ObjectHideFlags: 1
  m_PrefabParentObject: {fileID: 0}
  m_PrefabInternal: {fileID: 100100000}
  m_GameObject: {fileID: 1000012243593972}
  m_Enabled: 1
  m_EditorHideFlags: 0
  m_Script: {fileID: 11500000, guid: a57e0e363027e48458f117bb7d1b39ff, type: 3}
  m_Name: 
  m_EditorClassIdentifier: 
  materialsList:
  - matName: ZX_Mat_Zombie_Riot_Cop_Blue_Armoured
    usingShader: 
    shaderVisible: 1
    animate:
    - propertyName: _MainTex
      AnimateUV: 0
      instantiate: 1
      ScrollSpeed: {x: -0.4, y: 0}
      UVOffset: {x: 0, y: 0}
      RotateSpeed: 100
      UVRotate: 0
      RotatePivot: {x: 0.5, y: 0.5}
      matrix: _MainTexMatrix
    - propertyName: _EmissionMap
      AnimateUV: 0
      instantiate: 1
      ScrollSpeed: {x: -0.4, y: 0}
      UVOffset: {x: 0, y: 0}
      RotateSpeed: 100
      UVRotate: 0
      RotatePivot: {x: 0.5, y: 0.5}
      matrix: _EmissionMapMatrix
--- !u!114 &114000013140855420
MonoBehaviour:
  m_ObjectHideFlags: 1
  m_PrefabParentObject: {fileID: 0}
  m_PrefabInternal: {fileID: 100100000}
  m_GameObject: {fileID: 1000012086151628}
  m_Enabled: 1
  m_EditorHideFlags: 0
  m_Script: {fileID: 11500000, guid: fe770fb5045a92d4ea3f5f912dde6ca0, type: 3}
  m_Name: 
  m_EditorClassIdentifier: 
  holdOnRagdoll: 0
--- !u!114 &114000014262850064
MonoBehaviour:
  m_ObjectHideFlags: 1
  m_PrefabParentObject: {fileID: 0}
  m_PrefabInternal: {fileID: 100100000}
  m_GameObject: {fileID: 1000013997685640}
  m_Enabled: 1
  m_EditorHideFlags: 0
  m_Script: {fileID: 11500000, guid: a57e0e363027e48458f117bb7d1b39ff, type: 3}
  m_Name: 
  m_EditorClassIdentifier: 
  materialsList:
  - matName: ZX_Mat_SA_Saturated_Weapons_Props
    usingShader: 
    shaderVisible: 1
    animate:
    - propertyName: _MainTex
      AnimateUV: 0
      instantiate: 1
      ScrollSpeed: {x: -0.4, y: 0}
      UVOffset: {x: 0, y: 0}
      RotateSpeed: 100
      UVRotate: 0
      RotatePivot: {x: 0.5, y: 0.5}
      matrix: _MainTexMatrix
    - propertyName: _DecalTex
      AnimateUV: 0
      instantiate: 1
      ScrollSpeed: {x: -0.4, y: 0}
      UVOffset: {x: 0, y: 0}
      RotateSpeed: 100
      UVRotate: 0
      RotatePivot: {x: 0.5, y: 0.5}
      matrix: _DecalTexMatrix
    - propertyName: _EmissionMap
      AnimateUV: 0
      instantiate: 1
      ScrollSpeed: {x: -0.4, y: 0}
      UVOffset: {x: 0, y: 0}
      RotateSpeed: 100
      UVRotate: 0
      RotatePivot: {x: 0.5, y: 0.5}
      matrix: _EmissionMapMatrix
--- !u!114 &114112262970489378
MonoBehaviour:
  m_ObjectHideFlags: 1
  m_PrefabParentObject: {fileID: 0}
  m_PrefabInternal: {fileID: 100100000}
  m_GameObject: {fileID: 1000012589696274}
  m_Enabled: 1
  m_EditorHideFlags: 0
  m_Script: {fileID: 11500000, guid: bff67ec1913787f42b8197edc28ae49f, type: 3}
  m_Name: 
  m_EditorClassIdentifier: 
  emissionColor: {r: 1, g: 1, b: 1, a: 1}
  children: 1
--- !u!114 &114136607904277034
MonoBehaviour:
  m_ObjectHideFlags: 1
  m_PrefabParentObject: {fileID: 0}
  m_PrefabInternal: {fileID: 100100000}
  m_GameObject: {fileID: 1000012589696274}
  m_Enabled: 1
  m_EditorHideFlags: 0
  m_Script: {fileID: 11500000, guid: 65a3f48b2d884934390b4561c9106da5, type: 3}
  m_Name: 
  m_EditorClassIdentifier: 
  PosOffset: {x: 0, y: 4, z: 0}
--- !u!114 &114947215240370688
MonoBehaviour:
  m_ObjectHideFlags: 1
  m_PrefabParentObject: {fileID: 0}
  m_PrefabInternal: {fileID: 100100000}
  m_GameObject: {fileID: 1000012589696274}
  m_Enabled: 1
  m_EditorHideFlags: 0
  m_Script: {fileID: 11500000, guid: 332bce3bd3ec20941ad9b589d446d82c, type: 3}
  m_Name: 
  m_EditorClassIdentifier: 
  toonRace: 3
  skeletonConfiguration: 0
  scale: 1
  health: 2200
  ignoreGas: 0
  ignoreHealing: 0
  useLevelBounds: 0
  weight: 80
  armour: 0
  density: 1
  aimHeightOffset: 0
  defaultAction: 0
  defaultMoveSpeed: 2
  defaultMoveAction: 0
  agroRange: 20
  moveTime: 0
  meleeDamage: 475
  meleeDamageEffect: 0
  logDebugging: 0
  logUserInput: 0
  s_SpawnSound: Zombie_Spawn_Fast_01_MM
  s_meleeAttackSound: Zombie_M_ Attack_Claw_1_OLD
  s_DeathSound: 
  ik_AimSpeed: 0
  s_RiseFromGround: Zombie_Spawn_Rise_1
  s_LeftStep: 
  s_RightStep: 
  zombieBehavior: 0
--- !u!137 &137000013982285808
SkinnedMeshRenderer:
  m_ObjectHideFlags: 1
  m_PrefabParentObject: {fileID: 0}
  m_PrefabInternal: {fileID: 100100000}
  m_GameObject: {fileID: 1000011507230050}
  m_Enabled: 1
  m_CastShadows: 1
  m_ReceiveShadows: 1
  m_DynamicOccludee: 1
  m_MotionVectors: 1
  m_LightProbeUsage: 1
  m_ReflectionProbeUsage: 1
  m_Materials:
  - {fileID: 2100000, guid: 6d15766ea38a34b4b9547d920ae8aee1, type: 2}
  m_StaticBatchInfo:
    firstSubMesh: 0
    subMeshCount: 0
  m_StaticBatchRoot: {fileID: 0}
  m_ProbeAnchor: {fileID: 0}
  m_LightProbeVolumeOverride: {fileID: 0}
  m_ScaleInLightmap: 1
  m_PreserveUVs: 0
  m_IgnoreNormalsForChartDetection: 0
  m_ImportantGI: 0
  m_StitchLightmapSeams: 0
  m_SelectedEditorRenderState: 3
  m_MinimumChartSize: 4
  m_AutoUVMaxDistance: 0.5
  m_AutoUVMaxAngle: 89
  m_LightmapParameters: {fileID: 0}
  m_SortingLayerID: 0
  m_SortingLayer: 0
  m_SortingOrder: 0
  serializedVersion: 2
  m_Quality: 0
  m_UpdateWhenOffscreen: 0
  m_SkinnedMotionVectors: 1
  m_Mesh: {fileID: 4300006, guid: dbbc53a6bc8f5c64bb234194ce1380aa, type: 3}
  m_Bones:
  - {fileID: 4000011134570030}
  - {fileID: 4000010951570764}
  - {fileID: 4000014046796924}
  - {fileID: 4000010737904444}
  - {fileID: 4000011862671266}
  - {fileID: 4000013967986634}
  - {fileID: 4000010806536256}
  - {fileID: 4000011985345672}
  - {fileID: 4000014225689888}
  - {fileID: 4000011057976762}
  - {fileID: 4000011290824644}
  - {fileID: 4000011984851090}
  - {fileID: 4000013146940720}
  - {fileID: 4000012537342116}
  - {fileID: 4000011905088626}
  - {fileID: 4000011319985038}
  - {fileID: 4000010860554282}
  - {fileID: 4000011335910326}
  m_BlendShapeWeights: []
  m_RootBone: {fileID: 4000011134570030}
  m_AABB:
    m_Center: {x: 0.00000166893, y: 1.4134798, z: 0.0016335845}
    m_Extent: {x: 1.6845055, y: 1.41348, z: 0.35555044}
  m_DirtyAABB: 0
--- !u!195 &195000013335925376
NavMeshAgent:
  m_ObjectHideFlags: 1
  m_PrefabParentObject: {fileID: 0}
  m_PrefabInternal: {fileID: 100100000}
  m_GameObject: {fileID: 1000012589696274}
  m_Enabled: 1
  m_AgentTypeID: 0
  m_Radius: 0.4
  m_Speed: 3.5
  m_Acceleration: 0.5
  avoidancePriority: 50
  m_AngularSpeed: 180
  m_StoppingDistance: 2
  m_AutoTraverseOffMeshLink: 0
  m_AutoBraking: 1
  m_AutoRepath: 1
  m_Height: 3
  m_BaseOffset: 0
  m_WalkableMask: 9
  m_ObstacleAvoidanceType: 1
