%YAML 1.1
%TAG !u! tag:unity3d.com,2011:
--- !u!1001 &100100000
Prefab:
  m_ObjectHideFlags: 1
  serializedVersion: 2
  m_Modification:
    m_TransformParent: {fileID: 0}
    m_Modifications: []
    m_RemovedComponents: []
  m_ParentPrefab: {fileID: 0}
  m_RootGameObject: {fileID: 1128722845583580}
  m_IsPrefabParent: 1
--- !u!1 &1050193030876638
GameObject:
  m_ObjectHideFlags: 1
  m_PrefabParentObject: {fileID: 0}
  m_PrefabInternal: {fileID: 100100000}
  serializedVersion: 5
  m_Component:
  - component: {fileID: 4978283716446232}
  m_Layer: 14
  m_Name: LowerArm_Right_jnt
  m_TagString: Untagged
  m_Icon: {fileID: 0}
  m_NavMeshLayer: 0
  m_StaticEditorFlags: 0
  m_IsActive: 1
--- !u!1 &1050354819761010
GameObject:
  m_ObjectHideFlags: 0
  m_PrefabParentObject: {fileID: 0}
  m_PrefabInternal: {fileID: 100100000}
  serializedVersion: 5
  m_Component:
  - component: {fileID: 4047682986441762}
  m_Layer: 14
  m_Name: Root_jnt
  m_TagString: Untagged
  m_Icon: {fileID: 0}
  m_NavMeshLayer: 0
  m_StaticEditorFlags: 0
  m_IsActive: 1
--- !u!1 &1072003901064614
GameObject:
  m_ObjectHideFlags: 1
  m_PrefabParentObject: {fileID: 0}
  m_PrefabInternal: {fileID: 100100000}
  serializedVersion: 5
  m_Component:
  - component: {fileID: 4468527168382152}
  m_Layer: 14
  m_Name: UpperArm_Left_jnt
  m_TagString: Untagged
  m_Icon: {fileID: 0}
  m_NavMeshLayer: 0
  m_StaticEditorFlags: 0
  m_IsActive: 1
--- !u!1 &1092055284229708
GameObject:
  m_ObjectHideFlags: 1
  m_PrefabParentObject: {fileID: 0}
  m_PrefabInternal: {fileID: 100100000}
  serializedVersion: 5
  m_Component:
  - component: {fileID: 4624703443189002}
  m_Layer: 14
  m_Name: UpperLeg_Right_jnt
  m_TagString: Untagged
  m_Icon: {fileID: 0}
  m_NavMeshLayer: 0
  m_StaticEditorFlags: 0
  m_IsActive: 1
--- !u!1 &1128722845583580
GameObject:
  m_ObjectHideFlags: 0
  m_PrefabParentObject: {fileID: 0}
  m_PrefabInternal: {fileID: 100100000}
  serializedVersion: 5
  m_Component:
  - component: {fileID: 4286429015348224}
  - component: {fileID: 95235687474396378}
  - component: {fileID: 195884377522472044}
  - component: {fileID: 114720609684670294}
  - component: {fileID: 114474560146194176}
  - component: {fileID: 114245891516925772}
  - component: {fileID: 114640054786296548}
  m_Layer: 14
  m_Name: PoseCharacter
  m_TagString: Untagged
  m_Icon: {fileID: 0}
  m_NavMeshLayer: 0
  m_StaticEditorFlags: 0
  m_IsActive: 1
--- !u!1 &1139898555930314
GameObject:
  m_ObjectHideFlags: 1
  m_PrefabParentObject: {fileID: 0}
  m_PrefabInternal: {fileID: 100100000}
  serializedVersion: 5
  m_Component:
  - component: {fileID: 4700141611367466}
  m_Layer: 14
  m_Name: LowerArm_Left_jnt
  m_TagString: Untagged
  m_Icon: {fileID: 0}
  m_NavMeshLayer: 0
  m_StaticEditorFlags: 0
  m_IsActive: 1
--- !u!1 &1145591568114708
GameObject:
  m_ObjectHideFlags: 1
  m_PrefabParentObject: {fileID: 0}
  m_PrefabInternal: {fileID: 100100000}
  serializedVersion: 5
  m_Component:
  - component: {fileID: 4214723267820162}
  m_Layer: 14
  m_Name: LowerLeg_Left_jnt
  m_TagString: Untagged
  m_Icon: {fileID: 0}
  m_NavMeshLayer: 0
  m_StaticEditorFlags: 0
  m_IsActive: 1
--- !u!1 &1146144044003924
GameObject:
  m_ObjectHideFlags: 1
  m_PrefabParentObject: {fileID: 0}
  m_PrefabInternal: {fileID: 100100000}
  serializedVersion: 5
  m_Component:
  - component: {fileID: 4222482509888536}
  - component: {fileID: 33382568925045712}
  - component: {fileID: 23568339356021514}
  - component: {fileID: 114589672366861604}
  m_Layer: 0
  m_Name: Cube (3)
  m_TagString: Untagged
  m_Icon: {fileID: 0}
  m_NavMeshLayer: 0
  m_StaticEditorFlags: 0
  m_IsActive: 1
--- !u!1 &1177742938149698
GameObject:
  m_ObjectHideFlags: 1
  m_PrefabParentObject: {fileID: 0}
  m_PrefabInternal: {fileID: 100100000}
  serializedVersion: 5
  m_Component:
  - component: {fileID: 4089500250618506}
  m_Layer: 14
  m_Name: Head_jnt
  m_TagString: Untagged
  m_Icon: {fileID: 0}
  m_NavMeshLayer: 0
  m_StaticEditorFlags: 0
  m_IsActive: 1
--- !u!1 &1283456898326644
GameObject:
  m_ObjectHideFlags: 1
  m_PrefabParentObject: {fileID: 0}
  m_PrefabInternal: {fileID: 100100000}
  serializedVersion: 5
  m_Component:
  - component: {fileID: 4825648671757812}
  m_Layer: 14
  m_Name: Foot_Right_jnt
  m_TagString: Untagged
  m_Icon: {fileID: 0}
  m_NavMeshLayer: 0
  m_StaticEditorFlags: 0
  m_IsActive: 1
--- !u!1 &1296986789222270
GameObject:
  m_ObjectHideFlags: 0
  m_PrefabParentObject: {fileID: 0}
  m_PrefabInternal: {fileID: 100100000}
  serializedVersion: 5
  m_Component:
  - component: {fileID: 4899093826315402}
  - component: {fileID: 137869848598401626}
  m_Layer: 14
  m_Name: Base_Mesh
  m_TagString: Untagged
  m_Icon: {fileID: 0}
  m_NavMeshLayer: 0
  m_StaticEditorFlags: 0
  m_IsActive: 1
--- !u!1 &1348457125982632
GameObject:
  m_ObjectHideFlags: 1
  m_PrefabParentObject: {fileID: 0}
  m_PrefabInternal: {fileID: 100100000}
  serializedVersion: 5
  m_Component:
  - component: {fileID: 4767899208648060}
  m_Layer: 14
  m_Name: LowerLeg_Right_jnt
  m_TagString: Untagged
  m_Icon: {fileID: 0}
  m_NavMeshLayer: 0
  m_StaticEditorFlags: 0
  m_IsActive: 1
--- !u!1 &1402266198446322
GameObject:
  m_ObjectHideFlags: 1
  m_PrefabParentObject: {fileID: 0}
  m_PrefabInternal: {fileID: 100100000}
  serializedVersion: 5
  m_Component:
  - component: {fileID: 4107715102559240}
  m_Layer: 14
  m_Name: Hand_Right_jnt
  m_TagString: Untagged
  m_Icon: {fileID: 0}
  m_NavMeshLayer: 0
  m_StaticEditorFlags: 0
  m_IsActive: 1
--- !u!1 &1423071174846344
GameObject:
  m_ObjectHideFlags: 1
  m_PrefabParentObject: {fileID: 0}
  m_PrefabInternal: {fileID: 100100000}
  serializedVersion: 5
  m_Component:
  - component: {fileID: 4945789490464510}
  m_Layer: 14
  m_Name: Hat_jnt
  m_TagString: Untagged
  m_Icon: {fileID: 0}
  m_NavMeshLayer: 0
  m_StaticEditorFlags: 0
  m_IsActive: 1
--- !u!1 &1584071401066684
GameObject:
  m_ObjectHideFlags: 1
  m_PrefabParentObject: {fileID: 0}
  m_PrefabInternal: {fileID: 100100000}
  serializedVersion: 5
  m_Component:
  - component: {fileID: 4013483961338520}
  m_Layer: 14
  m_Name: UpperLeg_Left_jnt
  m_TagString: Untagged
  m_Icon: {fileID: 0}
  m_NavMeshLayer: 0
  m_StaticEditorFlags: 0
  m_IsActive: 1
--- !u!1 &1595422938119728
GameObject:
  m_ObjectHideFlags: 1
  m_PrefabParentObject: {fileID: 0}
  m_PrefabInternal: {fileID: 100100000}
  serializedVersion: 5
  m_Component:
  - component: {fileID: 4350245283682584}
  m_Layer: 14
  m_Name: Hips_jnt
  m_TagString: Untagged
  m_Icon: {fileID: 0}
  m_NavMeshLayer: 0
  m_StaticEditorFlags: 0
  m_IsActive: 1
--- !u!1 &1612266481572854
GameObject:
  m_ObjectHideFlags: 1
  m_PrefabParentObject: {fileID: 0}
  m_PrefabInternal: {fileID: 100100000}
  serializedVersion: 5
  m_Component:
  - component: {fileID: 4950984144606172}
  m_Layer: 14
  m_Name: Spine_jnt
  m_TagString: Untagged
  m_Icon: {fileID: 0}
  m_NavMeshLayer: 0
  m_StaticEditorFlags: 0
  m_IsActive: 1
--- !u!1 &1634966602612500
GameObject:
  m_ObjectHideFlags: 1
  m_PrefabParentObject: {fileID: 0}
  m_PrefabInternal: {fileID: 100100000}
  serializedVersion: 5
  m_Component:
  - component: {fileID: 4353720529308830}
  m_Layer: 14
  m_Name: Body_jnt
  m_TagString: Untagged
  m_Icon: {fileID: 0}
  m_NavMeshLayer: 0
  m_StaticEditorFlags: 0
  m_IsActive: 1
--- !u!1 &1655832447398176
GameObject:
  m_ObjectHideFlags: 1
  m_PrefabParentObject: {fileID: 0}
  m_PrefabInternal: {fileID: 100100000}
  serializedVersion: 5
  m_Component:
  - component: {fileID: 4640549718178018}
  m_Layer: 14
  m_Name: UpperArm_Right_jnt
  m_TagString: Untagged
  m_Icon: {fileID: 0}
  m_NavMeshLayer: 0
  m_StaticEditorFlags: 0
  m_IsActive: 1
--- !u!1 &1711515722124398
GameObject:
  m_ObjectHideFlags: 1
  m_PrefabParentObject: {fileID: 0}
  m_PrefabInternal: {fileID: 100100000}
  serializedVersion: 5
  m_Component:
  - component: {fileID: 4017304437056912}
  - component: {fileID: 33046893493168928}
  - component: {fileID: 23752201976011160}
  - component: {fileID: 114252349403396822}
  m_Layer: 0
  m_Name: Cube (2)
  m_TagString: Untagged
  m_Icon: {fileID: 0}
  m_NavMeshLayer: 0
  m_StaticEditorFlags: 0
  m_IsActive: 1
--- !u!1 &1745574878212612
GameObject:
  m_ObjectHideFlags: 1
  m_PrefabParentObject: {fileID: 0}
  m_PrefabInternal: {fileID: 100100000}
  serializedVersion: 5
  m_Component:
  - component: {fileID: 4136776311506794}
  m_Layer: 14
  m_Name: Hand_Left_jnt
  m_TagString: Untagged
  m_Icon: {fileID: 0}
  m_NavMeshLayer: 0
  m_StaticEditorFlags: 0
  m_IsActive: 1
--- !u!1 &1827848596349002
GameObject:
  m_ObjectHideFlags: 1
  m_PrefabParentObject: {fileID: 0}
  m_PrefabInternal: {fileID: 100100000}
  serializedVersion: 5
  m_Component:
  - component: {fileID: 4673749425449384}
  m_Layer: 14
  m_Name: Foot_Left_jnt
  m_TagString: Untagged
  m_Icon: {fileID: 0}
  m_NavMeshLayer: 0
  m_StaticEditorFlags: 0
  m_IsActive: 1
--- !u!4 &4013483961338520
Transform:
  m_ObjectHideFlags: 1
  m_PrefabParentObject: {fileID: 0}
  m_PrefabInternal: {fileID: 100100000}
  m_GameObject: {fileID: 1584071401066684}
  m_LocalRotation: {x: -0.00013711104, y: -0.00008424717, z: 0.49917465, w: 0.8665014}
  m_LocalPosition: {x: -0.25698245, y: -1.4210854e-16, z: 0}
  m_LocalScale: {x: 1, y: 1, z: 1}
  m_Children:
  - {fileID: 4214723267820162}
  m_Father: {fileID: 4350245283682584}
  m_RootOrder: 1
  m_LocalEulerAnglesHint: {x: 0, y: 0, z: 0}
--- !u!4 &4017304437056912
Transform:
  m_ObjectHideFlags: 1
  m_PrefabParentObject: {fileID: 0}
  m_PrefabInternal: {fileID: 100100000}
  m_GameObject: {fileID: 1711515722124398}
  m_LocalRotation: {x: 0, y: 0, z: 0.7071068, w: 0.7071068}
  m_LocalPosition: {x: 0.016, y: -0.217, z: -0.205}
  m_LocalScale: {x: 1.0000002, y: 0.2500001, z: 0.25}
  m_Children: []
  m_Father: {fileID: 4945789490464510}
  m_RootOrder: 0
  m_LocalEulerAnglesHint: {x: 0, y: 0, z: 90}
--- !u!4 &4047682986441762
Transform:
  m_ObjectHideFlags: 1
  m_PrefabParentObject: {fileID: 0}
  m_PrefabInternal: {fileID: 100100000}
  m_GameObject: {fileID: 1050354819761010}
  m_LocalRotation: {x: 0, y: 0, z: 0, w: 1}
  m_LocalPosition: {x: 0, y: 0, z: 0}
  m_LocalScale: {x: 1, y: 1, z: 1}
  m_Children:
  - {fileID: 4350245283682584}
  m_Father: {fileID: 4286429015348224}
  m_RootOrder: 0
  m_LocalEulerAnglesHint: {x: 0, y: 0, z: 0}
--- !u!4 &4089500250618506
Transform:
  m_ObjectHideFlags: 1
  m_PrefabParentObject: {fileID: 0}
  m_PrefabInternal: {fileID: 100100000}
  m_GameObject: {fileID: 1177742938149698}
  m_LocalRotation: {x: 0, y: -0, z: -1.6653345e-15, w: 1}
  m_LocalPosition: {x: -0.3106261, y: 6.897285e-17, z: 0}
  m_LocalScale: {x: 1, y: 1, z: 1}
  m_Children:
  - {fileID: 4945789490464510}
  m_Father: {fileID: 4950984144606172}
  m_RootOrder: 0
  m_LocalEulerAnglesHint: {x: 0, y: 0, z: 0}
--- !u!4 &4107715102559240
Transform:
  m_ObjectHideFlags: 1
  m_PrefabParentObject: {fileID: 0}
  m_PrefabInternal: {fileID: 100100000}
  m_GameObject: {fileID: 1402266198446322}
  m_LocalRotation: {x: 1.4105955e-13, y: 1, z: -1.1714554e-15, w: 1.8533623e-15}
  m_LocalPosition: {x: -0.4403, y: -8.5265126e-16, z: -5.3921198e-17}
  m_LocalScale: {x: 1, y: 1, z: 1}
  m_Children: []
  m_Father: {fileID: 4978283716446232}
  m_RootOrder: 0
  m_LocalEulerAnglesHint: {x: 0, y: 0, z: 0}
--- !u!4 &4136776311506794
Transform:
  m_ObjectHideFlags: 1
  m_PrefabParentObject: {fileID: 0}
  m_PrefabInternal: {fileID: 100100000}
  m_GameObject: {fileID: 1745574878212612}
  m_LocalRotation: {x: -1.7658669e-13, y: 1, z: -7.2736614e-16, w: -2.2836737e-15}
  m_LocalPosition: {x: 0.4403, y: -5.684342e-16, z: 5.39209e-17}
  m_LocalScale: {x: 1, y: 1, z: 1}
  m_Children: []
  m_Father: {fileID: 4700141611367466}
  m_RootOrder: 0
  m_LocalEulerAnglesHint: {x: 0, y: 0, z: 0}
--- !u!4 &4214723267820162
Transform:
  m_ObjectHideFlags: 1
  m_PrefabParentObject: {fileID: 0}
  m_PrefabInternal: {fileID: 100100000}
  m_GameObject: {fileID: 1145591568114708}
  m_LocalRotation: {x: -0.7075902, y: 0.000006446892, z: -0.000006145912, w: 0.706623}
  m_LocalPosition: {x: -0.37452164, y: -7.105427e-17, z: -1.7347234e-20}
  m_LocalScale: {x: 1, y: 1, z: 1}
  m_Children:
  - {fileID: 4673749425449384}
  m_Father: {fileID: 4013483961338520}
  m_RootOrder: 0
  m_LocalEulerAnglesHint: {x: 0, y: 0, z: 0}
--- !u!4 &4222482509888536
Transform:
  m_ObjectHideFlags: 1
  m_PrefabParentObject: {fileID: 0}
  m_PrefabInternal: {fileID: 100100000}
  m_GameObject: {fileID: 1146144044003924}
  m_LocalRotation: {x: 0.5, y: 0.5, z: 0.5, w: 0.5}
  m_LocalPosition: {x: 0.02, y: -0.435, z: -0.379}
  m_LocalScale: {x: 1.0000002, y: 0.2500001, z: 0.25}
  m_Children: []
  m_Father: {fileID: 4945789490464510}
  m_RootOrder: 1
  m_LocalEulerAnglesHint: {x: 0, y: 90, z: 90}
--- !u!4 &4286429015348224
Transform:
  m_ObjectHideFlags: 1
  m_PrefabParentObject: {fileID: 0}
  m_PrefabInternal: {fileID: 100100000}
  m_GameObject: {fileID: 1128722845583580}
  m_LocalRotation: {x: 0, y: 1, z: 0, w: 0}
  m_LocalPosition: {x: -37, y: 0, z: 53.2}
  m_LocalScale: {x: 1, y: 1, z: 1}
  m_Children:
  - {fileID: 4047682986441762}
  - {fileID: 4899093826315402}
  m_Father: {fileID: 0}
  m_RootOrder: 0
  m_LocalEulerAnglesHint: {x: 0, y: 180, z: 0}
--- !u!4 &4350245283682584
Transform:
  m_ObjectHideFlags: 1
  m_PrefabParentObject: {fileID: 0}
  m_PrefabInternal: {fileID: 100100000}
  m_GameObject: {fileID: 1595422938119728}
  m_LocalRotation: {x: 0, y: 0, z: 0.2597436, w: 0.9656776}
  m_LocalPosition: {x: -0, y: 1.0449876, z: 0}
  m_LocalScale: {x: 1, y: 1, z: 1}
  m_Children:
  - {fileID: 4353720529308830}
  - {fileID: 4013483961338520}
  - {fileID: 4624703443189002}
  m_Father: {fileID: 4047682986441762}
  m_RootOrder: 0
  m_LocalEulerAnglesHint: {x: 0, y: 0, z: 0}
--- !u!4 &4353720529308830
Transform:
  m_ObjectHideFlags: 1
  m_PrefabParentObject: {fileID: 0}
  m_PrefabInternal: {fileID: 100100000}
  m_GameObject: {fileID: 1634966602612500}
  m_LocalRotation: {x: 0, y: 0, z: 0.86650366, w: -0.49917072}
  m_LocalPosition: {x: 0.009555898, y: 0.016478358, z: 0}
  m_LocalScale: {x: 1.0000001, y: 1, z: 1}
  m_Children:
  - {fileID: 4950984144606172}
  m_Father: {fileID: 4350245283682584}
  m_RootOrder: 0
  m_LocalEulerAnglesHint: {x: 0, y: 0, z: 0}
--- !u!4 &4468527168382152
Transform:
  m_ObjectHideFlags: 1
  m_PrefabParentObject: {fileID: 0}
  m_PrefabInternal: {fileID: 100100000}
  m_GameObject: {fileID: 1072003901064614}
  m_LocalRotation: {x: 0, y: -0, z: -0.7071068, w: 0.7071068}
  m_LocalPosition: {x: -0.21910845, y: -0.565232, z: 0}
  m_LocalScale: {x: 1, y: 1, z: 1}
  m_Children:
  - {fileID: 4700141611367466}
  m_Father: {fileID: 4950984144606172}
  m_RootOrder: 1
  m_LocalEulerAnglesHint: {x: 0, y: 0, z: 0}
--- !u!4 &4624703443189002
Transform:
  m_ObjectHideFlags: 1
  m_PrefabParentObject: {fileID: 0}
  m_PrefabInternal: {fileID: 100100000}
  m_GameObject: {fileID: 1092055284229708}
  m_LocalRotation: {x: -0.49918568, y: 0.8664699, z: 0.0057249772, w: -0.003284124}
  m_LocalPosition: {x: 0.12763838, y: -0.22304337, z: 0}
  m_LocalScale: {x: 1, y: 1, z: 1}
  m_Children:
  - {fileID: 4767899208648060}
  m_Father: {fileID: 4350245283682584}
  m_RootOrder: 2
  m_LocalEulerAnglesHint: {x: 0, y: 0, z: 0}
--- !u!4 &4640549718178018
Transform:
  m_ObjectHideFlags: 1
  m_PrefabParentObject: {fileID: 0}
  m_PrefabInternal: {fileID: 100100000}
  m_GameObject: {fileID: 1655832447398176}
  m_LocalRotation: {x: -0.7071068, y: 0.7071068, z: 4.3352284e-17, w: -4.3243328e-17}
  m_LocalPosition: {x: -0.21910845, y: 0.565232, z: 0}
  m_LocalScale: {x: 1, y: 1, z: 1}
  m_Children:
  - {fileID: 4978283716446232}
  m_Father: {fileID: 4950984144606172}
  m_RootOrder: 2
  m_LocalEulerAnglesHint: {x: 0, y: 0, z: 0}
--- !u!4 &4673749425449384
Transform:
  m_ObjectHideFlags: 1
  m_PrefabParentObject: {fileID: 0}
  m_PrefabInternal: {fileID: 100100000}
  m_GameObject: {fileID: 1827848596349002}
  m_LocalRotation: {x: 0.50042224, y: 0.5004222, z: -0.49957308, w: 0.49958178}
  m_LocalPosition: {x: -0.38874373, y: 1.20736755e-17, z: 7.342678e-12}
  m_LocalScale: {x: 1, y: 1, z: 1}
  m_Children: []
  m_Father: {fileID: 4214723267820162}
  m_RootOrder: 0
  m_LocalEulerAnglesHint: {x: 0, y: 0, z: 0}
--- !u!4 &4700141611367466
Transform:
  m_ObjectHideFlags: 1
  m_PrefabParentObject: {fileID: 0}
  m_PrefabInternal: {fileID: 100100000}
  m_GameObject: {fileID: 1139898555930314}
  m_LocalRotation: {x: 0, y: -0, z: -2.3869795e-15, w: 1}
  m_LocalPosition: {x: 0.471188, y: 0, z: 5.77041e-17}
  m_LocalScale: {x: 1, y: 1, z: 1}
  m_Children:
  - {fileID: 4136776311506794}
  m_Father: {fileID: 4468527168382152}
  m_RootOrder: 0
  m_LocalEulerAnglesHint: {x: 0, y: 0, z: 0}
--- !u!4 &4767899208648060
Transform:
  m_ObjectHideFlags: 1
  m_PrefabParentObject: {fileID: 0}
  m_PrefabInternal: {fileID: 100100000}
  m_GameObject: {fileID: 1348457125982632}
  m_LocalRotation: {x: -0.70410997, y: -0.000030960506, z: 0.00005181963, w: 0.71009094}
  m_LocalPosition: {x: 0.374522, y: 3.1974422e-16, z: -1.0987399e-12}
  m_LocalScale: {x: 1, y: 1, z: 1}
  m_Children:
  - {fileID: 4825648671757812}
  m_Father: {fileID: 4624703443189002}
  m_RootOrder: 0
  m_LocalEulerAnglesHint: {x: 0, y: 0, z: 0}
--- !u!4 &4825648671757812
Transform:
  m_ObjectHideFlags: 1
  m_PrefabParentObject: {fileID: 0}
  m_PrefabInternal: {fileID: 100100000}
  m_GameObject: {fileID: 1283456898326644}
  m_LocalRotation: {x: 0.50117123, y: 0.5011969, z: -0.498829, w: 0.49879736}
  m_LocalPosition: {x: 0.388744, y: 8.197164e-12, z: -3.690733e-11}
  m_LocalScale: {x: 1, y: 1, z: 1}
  m_Children: []
  m_Father: {fileID: 4767899208648060}
  m_RootOrder: 0
  m_LocalEulerAnglesHint: {x: 0, y: 0, z: 0}
--- !u!4 &4899093826315402
Transform:
  m_ObjectHideFlags: 1
  m_PrefabParentObject: {fileID: 0}
  m_PrefabInternal: {fileID: 100100000}
  m_GameObject: {fileID: 1296986789222270}
  m_LocalRotation: {x: 0, y: 0, z: 0, w: 1}
  m_LocalPosition: {x: 0, y: 0, z: 19}
  m_LocalScale: {x: 1, y: 1, z: 1}
  m_Children: []
  m_Father: {fileID: 4286429015348224}
  m_RootOrder: 1
  m_LocalEulerAnglesHint: {x: 0, y: 0, z: 0}
--- !u!4 &4945789490464510
Transform:
  m_ObjectHideFlags: 1
  m_PrefabParentObject: {fileID: 0}
  m_PrefabInternal: {fileID: 100100000}
  m_GameObject: {fileID: 1423071174846344}
  m_LocalRotation: {x: 3.6511133e-16, y: -1.4823535e-16, z: 0.7071068, w: 0.7071068}
  m_LocalPosition: {x: -0.54227096, y: 1.2040834e-16, z: 0}
  m_LocalScale: {x: 1, y: 1, z: 1}
  m_Children:
  - {fileID: 4017304437056912}
  - {fileID: 4222482509888536}
  m_Father: {fileID: 4089500250618506}
  m_RootOrder: 0
  m_LocalEulerAnglesHint: {x: 0, y: 0, z: 0}
--- !u!4 &4950984144606172
Transform:
  m_ObjectHideFlags: 1
  m_PrefabParentObject: {fileID: 0}
  m_PrefabInternal: {fileID: 100100000}
  m_GameObject: {fileID: 1612266481572854}
  m_LocalRotation: {x: 0, y: -0, z: -1.6102571e-15, w: 1}
  m_LocalPosition: {x: -0.6703252, y: 3.7986005e-16, z: 0}
  m_LocalScale: {x: 1, y: 1, z: 1}
  m_Children:
  - {fileID: 4089500250618506}
  - {fileID: 4468527168382152}
  - {fileID: 4640549718178018}
  m_Father: {fileID: 4353720529308830}
  m_RootOrder: 0
  m_LocalEulerAnglesHint: {x: 0, y: 0, z: 0}
--- !u!4 &4978283716446232
Transform:
  m_ObjectHideFlags: 1
  m_PrefabParentObject: {fileID: 0}
  m_PrefabInternal: {fileID: 100100000}
  m_GameObject: {fileID: 1050193030876638}
  m_LocalRotation: {x: 0, y: 0, z: 8.317999e-16, w: 1}
  m_LocalPosition: {x: -0.47118998, y: 5.684342e-16, z: -5.770413e-17}
  m_LocalScale: {x: 1, y: 1, z: 1}
  m_Children:
  - {fileID: 4107715102559240}
  m_Father: {fileID: 4640549718178018}
  m_RootOrder: 0
  m_LocalEulerAnglesHint: {x: 0, y: 0, z: 0}
--- !u!23 &23568339356021514
MeshRenderer:
  m_ObjectHideFlags: 1
  m_PrefabParentObject: {fileID: 0}
  m_PrefabInternal: {fileID: 100100000}
  m_GameObject: {fileID: 1146144044003924}
  m_Enabled: 1
  m_CastShadows: 1
  m_ReceiveShadows: 1
  m_DynamicOccludee: 1
  m_MotionVectors: 1
  m_LightProbeUsage: 1
  m_ReflectionProbeUsage: 1
  m_Materials:
  - {fileID: 2100000, guid: a674f76c97d7243dbb8b3b42f3f4a12b, type: 2}
  m_StaticBatchInfo:
    firstSubMesh: 0
    subMeshCount: 0
  m_StaticBatchRoot: {fileID: 0}
  m_ProbeAnchor: {fileID: 0}
  m_LightProbeVolumeOverride: {fileID: 0}
  m_ScaleInLightmap: 1
  m_PreserveUVs: 1
  m_IgnoreNormalsForChartDetection: 0
  m_ImportantGI: 0
  m_StitchLightmapSeams: 0
  m_SelectedEditorRenderState: 3
  m_MinimumChartSize: 4
  m_AutoUVMaxDistance: 0.5
  m_AutoUVMaxAngle: 89
  m_LightmapParameters: {fileID: 0}
  m_SortingLayerID: 0
  m_SortingLayer: 0
  m_SortingOrder: 0
--- !u!23 &23752201976011160
MeshRenderer:
  m_ObjectHideFlags: 1
  m_PrefabParentObject: {fileID: 0}
  m_PrefabInternal: {fileID: 100100000}
  m_GameObject: {fileID: 1711515722124398}
  m_Enabled: 1
  m_CastShadows: 1
  m_ReceiveShadows: 1
  m_DynamicOccludee: 1
  m_MotionVectors: 1
  m_LightProbeUsage: 1
  m_ReflectionProbeUsage: 1
  m_Materials:
  - {fileID: 2100000, guid: a674f76c97d7243dbb8b3b42f3f4a12b, type: 2}
  m_StaticBatchInfo:
    firstSubMesh: 0
    subMeshCount: 0
  m_StaticBatchRoot: {fileID: 0}
  m_ProbeAnchor: {fileID: 0}
  m_LightProbeVolumeOverride: {fileID: 0}
  m_ScaleInLightmap: 1
  m_PreserveUVs: 1
  m_IgnoreNormalsForChartDetection: 0
  m_ImportantGI: 0
  m_StitchLightmapSeams: 0
  m_SelectedEditorRenderState: 3
  m_MinimumChartSize: 4
  m_AutoUVMaxDistance: 0.5
  m_AutoUVMaxAngle: 89
  m_LightmapParameters: {fileID: 0}
  m_SortingLayerID: 0
  m_SortingLayer: 0
  m_SortingOrder: 0
--- !u!33 &33046893493168928
MeshFilter:
  m_ObjectHideFlags: 1
  m_PrefabParentObject: {fileID: 0}
  m_PrefabInternal: {fileID: 100100000}
  m_GameObject: {fileID: 1711515722124398}
  m_Mesh: {fileID: 10202, guid: 0000000000000000e000000000000000, type: 0}
--- !u!33 &33382568925045712
MeshFilter:
  m_ObjectHideFlags: 1
  m_PrefabParentObject: {fileID: 0}
  m_PrefabInternal: {fileID: 100100000}
  m_GameObject: {fileID: 1146144044003924}
  m_Mesh: {fileID: 10202, guid: 0000000000000000e000000000000000, type: 0}
--- !u!95 &95235687474396378
Animator:
  serializedVersion: 3
  m_ObjectHideFlags: 1
  m_PrefabParentObject: {fileID: 0}
  m_PrefabInternal: {fileID: 100100000}
  m_GameObject: {fileID: 1128722845583580}
  m_Enabled: 1
  m_Avatar: {fileID: 9000000, guid: 255377ae1700518438342ed74889e165, type: 3}
  m_Controller: {fileID: 9100000, guid: a2aa1a62e1bcc4a179db44b657eacac8, type: 2}
  m_CullingMode: 1
  m_UpdateMode: 0
  m_ApplyRootMotion: 1
  m_LinearVelocityBlending: 0
  m_WarningMessage: 
  m_HasTransformHierarchy: 1
  m_AllowConstantClipSamplingOptimization: 1
--- !u!114 &114245891516925772
MonoBehaviour:
  m_ObjectHideFlags: 1
  m_PrefabParentObject: {fileID: 0}
  m_PrefabInternal: {fileID: 100100000}
  m_GameObject: {fileID: 1128722845583580}
  m_Enabled: 1
  m_EditorHideFlags: 0
  m_Script: {fileID: 11500000, guid: 65a3f48b2d884934390b4561c9106da5, type: 3}
  m_Name: 
  m_EditorClassIdentifier: 
  PosOffset: {x: 0, y: 4, z: 0}
--- !u!114 &114252349403396822
MonoBehaviour:
  m_ObjectHideFlags: 1
  m_PrefabParentObject: {fileID: 0}
  m_PrefabInternal: {fileID: 100100000}
  m_GameObject: {fileID: 1711515722124398}
  m_Enabled: 1
  m_EditorHideFlags: 0
  m_Script: {fileID: 11500000, guid: a57e0e363027e48458f117bb7d1b39ff, type: 3}
  m_Name: 
  m_EditorClassIdentifier: 
  materialsList:
  - matName: 
    usingShader: 
    shaderVisible: 1
    animate: []
--- !u!114 &114474560146194176
MonoBehaviour:
  m_ObjectHideFlags: 1
  m_PrefabParentObject: {fileID: 0}
  m_PrefabInternal: {fileID: 100100000}
  m_GameObject: {fileID: 1128722845583580}
  m_Enabled: 1
  m_EditorHideFlags: 0
  m_Script: {fileID: 11500000, guid: a8b71d07af40bc149bc07fa08db9c97d, type: 3}
  m_Name: 
  m_EditorClassIdentifier: 
  toonRace: 1
  skeletonConfiguration: 0
  scale: 1
  health: 2400
  ignoreGas: 0
  ignoreHealing: 0
  useLevelBounds: 1
  weight: 50
  armour: 0.25
  density: 1
  aimHeightOffset: 0
  defaultAction: 200
  defaultMoveSpeed: 3
  defaultMoveAction: 0
  agroRange: 20
  moveTime: 0
  meleeDamage: 300
  meleeDamageEffect: 1
  logDebugging: 0
  logUserInput: 0
  s_SpawnSound: 
  s_meleeAttackSound: 
  s_DeathSound: 
  ik_AimSpeed: 15
  toonBehavior: 5
  s_Voice: 
  s_GroundImpact: 
  primaryWeaponPrefab: {fileID: 114314286204891736, guid: 51ba107bb67874103988214cb422bf7d,
    type: 2}
  backpackPrefab: {fileID: 0}
  shieldPrefab: {fileID: 0}
--- !u!114 &114589672366861604
MonoBehaviour:
  m_ObjectHideFlags: 1
  m_PrefabParentObject: {fileID: 0}
  m_PrefabInternal: {fileID: 100100000}
  m_GameObject: {fileID: 1146144044003924}
  m_Enabled: 1
  m_EditorHideFlags: 0
  m_Script: {fileID: 11500000, guid: a57e0e363027e48458f117bb7d1b39ff, type: 3}
  m_Name: 
  m_EditorClassIdentifier: 
  materialsList:
  - matName: 
    usingShader: 
    shaderVisible: 1
    animate: []
--- !u!114 &114640054786296548
MonoBehaviour:
  m_ObjectHideFlags: 1
  m_PrefabParentObject: {fileID: 0}
  m_PrefabInternal: {fileID: 100100000}
  m_GameObject: {fileID: 1128722845583580}
  m_Enabled: 1
  m_EditorHideFlags: 0
  m_Script: {fileID: 11500000, guid: bff67ec1913787f42b8197edc28ae49f, type: 3}
  m_Name: 
  m_EditorClassIdentifier: 
  emissionColor: {r: 1, g: 1, b: 1, a: 1}
  children: 1
--- !u!114 &114720609684670294
MonoBehaviour:
  m_ObjectHideFlags: 1
  m_PrefabParentObject: {fileID: 0}
  m_PrefabInternal: {fileID: 100100000}
  m_GameObject: {fileID: 1128722845583580}
  m_Enabled: 1
  m_EditorHideFlags: 0
  m_Script: {fileID: 11500000, guid: 6d406d8b892f54ccaa5b0ef4de59944a, type: 3}
  m_Name: 
  m_EditorClassIdentifier: 
  fixTransforms: 1
  references:
    root: {fileID: 4047682986441762}
    pelvis: {fileID: 4350245283682584}
    leftThigh: {fileID: 4013483961338520}
    leftCalf: {fileID: 4214723267820162}
    leftFoot: {fileID: 4673749425449384}
    rightThigh: {fileID: 4624703443189002}
    rightCalf: {fileID: 4767899208648060}
    rightFoot: {fileID: 4825648671757812}
    leftUpperArm: {fileID: 4468527168382152}
    leftForearm: {fileID: 4700141611367466}
    leftHand: {fileID: 4136776311506794}
    rightUpperArm: {fileID: 4640549718178018}
    rightForearm: {fileID: 4978283716446232}
    rightHand: {fileID: 4107715102559240}
    head: {fileID: 4089500250618506}
    spine:
    - {fileID: 4353720529308830}
    - {fileID: 4950984144606172}
    eyes: []
  solvers:
    leftFoot:
      IKPosition: {x: -36.777695, y: 0.15280509, z: 53.20001}
      IKPositionWeight: 0
      root: {fileID: 4286429015348224}
      target: {fileID: 0}
      IKRotationWeight: 0
      IKRotation: {x: -0.00000008940697, y: 0.99999994, z: -0.000000026396721, w: 0.0000000060063}
      bendNormal: {x: 0, y: -0, z: -0.000023292378}
      bone1:
        transform: {fileID: 4013483961338520}
        weight: 1
        solverPosition: {x: 0, y: 0, z: 0}
        solverRotation: {x: 0, y: 0, z: 0, w: 1}
        defaultLocalPosition: {x: -0.25698245, y: -1.4210854e-16, z: 0}
        defaultLocalRotation: {x: -0.00013711104, y: -0.00008424717, z: 0.49917465,
          w: 0.8665014}
        length: 0
        sqrMag: 0
        axis: {x: -1, y: -0, z: -0}
      bone2:
        transform: {fileID: 4214723267820162}
        weight: 1
        solverPosition: {x: 0, y: 0, z: 0}
        solverRotation: {x: 0, y: 0, z: 0, w: 1}
        defaultLocalPosition: {x: -0.37452164, y: -7.105427e-17, z: -1.7347234e-20}
        defaultLocalRotation: {x: -0.7075902, y: 0.000006446892, z: -0.000006145912,
          w: 0.706623}
        length: 0
        sqrMag: 0
        axis: {x: -1, y: -0, z: -0}
      bone3:
        transform: {fileID: 4673749425449384}
        weight: 1
        solverPosition: {x: 0, y: 0, z: 0}
        solverRotation: {x: 0, y: 0, z: 0, w: 1}
        defaultLocalPosition: {x: -0.38874373, y: 1.20736755e-17, z: 7.342678e-12}
        defaultLocalRotation: {x: 0.50042224, y: 0.5004222, z: -0.49957308, w: 0.49958178}
        length: 0
        sqrMag: 0
        axis: {x: -1, y: -0, z: -0}
      goal: 0
      bendModifier: 0
      maintainRotationWeight: 0
      bendModifierWeight: 1
      bendGoal: {fileID: 0}
    rightFoot:
      IKPosition: {x: -37.222305, y: 0.15280479, z: 53.20001}
      IKPositionWeight: 0
      root: {fileID: 4286429015348224}
      target: {fileID: 0}
      IKRotationWeight: 0
      IKRotation: {x: -0.00000001340951, y: 0.000000027235215, z: 1.0000001, w: -0.000000059604645}
      bendNormal: {x: 0.0000029658822, y: 1.7462298e-10, z: 0.000017469776}
      bone1:
        transform: {fileID: 4624703443189002}
        weight: 1
        solverPosition: {x: 0, y: 0, z: 0}
        solverRotation: {x: 0, y: 0, z: 0, w: 1}
        defaultLocalPosition: {x: 0.12763838, y: -0.22304337, z: 0}
        defaultLocalRotation: {x: -0.49918568, y: 0.8664699, z: 0.0057249772, w: -0.003284124}
        length: 0
        sqrMag: 0
        axis: {x: -1, y: -0, z: -0}
      bone2:
        transform: {fileID: 4767899208648060}
        weight: 1
        solverPosition: {x: 0, y: 0, z: 0}
        solverRotation: {x: 0, y: 0, z: 0, w: 1}
        defaultLocalPosition: {x: 0.374522, y: 3.1974422e-16, z: -1.0987399e-12}
        defaultLocalRotation: {x: -0.70410997, y: -0.000030960506, z: 0.00005181963,
          w: 0.71009094}
        length: 0
        sqrMag: 0
        axis: {x: -1, y: -0, z: -0}
      bone3:
        transform: {fileID: 4825648671757812}
        weight: 1
        solverPosition: {x: 0, y: 0, z: 0}
        solverRotation: {x: 0, y: 0, z: 0, w: 1}
        defaultLocalPosition: {x: 0.388744, y: 8.197164e-12, z: -3.690733e-11}
        defaultLocalRotation: {x: 0.50117123, y: 0.5011969, z: -0.498829, w: 0.49879736}
        length: 0
        sqrMag: 0
        axis: {x: -1, y: -0, z: -0}
      goal: 1
      bendModifier: 0
      maintainRotationWeight: 0
      bendModifierWeight: 1
      bendGoal: {fileID: 0}
    leftHand:
      IKPosition: {x: -35.52328, y: 1.9534699, z: 53.2}
      IKPositionWeight: 0
      root: {fileID: 4286429015348224}
      target: {fileID: 0}
      IKRotationWeight: 0
      IKRotation: {x: -2.2836739e-15, y: 7.273661e-16, z: 1.0000001, w: -0.000000029802322}
      bendNormal: {x: 1, y: 0, z: 0}
      bone1:
        transform: {fileID: 4468527168382152}
        weight: 1
        solverPosition: {x: 0, y: 0, z: 0}
        solverRotation: {x: 0, y: 0, z: 0, w: 1}
        defaultLocalPosition: {x: -0.21910845, y: -0.565232, z: 0}
        defaultLocalRotation: {x: 0, y: -0, z: -0.7071068, w: 0.7071068}
        length: 0
        sqrMag: 0
        axis: {x: -1, y: -0, z: -0}
      bone2:
        transform: {fileID: 4700141611367466}
        weight: 1
        solverPosition: {x: 0, y: 0, z: 0}
        solverRotation: {x: 0, y: 0, z: 0, w: 1}
        defaultLocalPosition: {x: 0.471188, y: 0, z: 5.77041e-17}
        defaultLocalRotation: {x: 0, y: -0, z: -2.3869795e-15, w: 1}
        length: 0
        sqrMag: 0
        axis: {x: -1, y: -0, z: -0}
      bone3:
        transform: {fileID: 4136776311506794}
        weight: 1
        solverPosition: {x: 0, y: 0, z: 0}
        solverRotation: {x: 0, y: 0, z: 0, w: 1}
        defaultLocalPosition: {x: 0.4403, y: -5.684342e-16, z: 5.39209e-17}
        defaultLocalRotation: {x: -1.7658669e-13, y: 1, z: -7.2736614e-16, w: -2.2836737e-15}
        length: 0
        sqrMag: 0
        axis: {x: -1, y: -0, z: -0}
      goal: 2
      bendModifier: 0
      maintainRotationWeight: 0
      bendModifierWeight: 1
      bendGoal: {fileID: 0}
    rightHand:
      IKPosition: {x: -38.476723, y: 1.9534702, z: 53.2}
      IKPositionWeight: 0
      root: {fileID: 4286429015348224}
      target: {fileID: 0}
      IKRotationWeight: 0
      IKRotation: {x: -0.000000029802322, y: 1.0000001, z: -1.2326878e-15, w: 1.8534398e-15}
      bendNormal: {x: 1, y: 0, z: 0}
      bone1:
        transform: {fileID: 4640549718178018}
        weight: 1
        solverPosition: {x: 0, y: 0, z: 0}
        solverRotation: {x: 0, y: 0, z: 0, w: 1}
        defaultLocalPosition: {x: -0.21910845, y: 0.565232, z: 0}
        defaultLocalRotation: {x: -0.7071068, y: 0.7071068, z: 4.3352284e-17, w: -4.3243328e-17}
        length: 0
        sqrMag: 0
        axis: {x: -1, y: -0, z: -0}
      bone2:
        transform: {fileID: 4978283716446232}
        weight: 1
        solverPosition: {x: 0, y: 0, z: 0}
        solverRotation: {x: 0, y: 0, z: 0, w: 1}
        defaultLocalPosition: {x: -0.47118998, y: 5.684342e-16, z: -5.770413e-17}
        defaultLocalRotation: {x: 0, y: 0, z: 8.317999e-16, w: 1}
        length: 0
        sqrMag: 0
        axis: {x: -1, y: -0, z: -0}
      bone3:
        transform: {fileID: 4107715102559240}
        weight: 1
        solverPosition: {x: 0, y: 0, z: 0}
        solverRotation: {x: 0, y: 0, z: 0, w: 1}
        defaultLocalPosition: {x: -0.4403, y: -8.5265126e-16, z: -5.3921198e-17}
        defaultLocalRotation: {x: 1.4105955e-13, y: 1, z: -1.1714554e-15, w: 1.8533623e-15}
        length: 0
        sqrMag: 0
        axis: {x: -1, y: -0, z: -0}
      goal: 3
      bendModifier: 0
      maintainRotationWeight: 0
      bendModifierWeight: 1
      bendGoal: {fileID: 0}
    spine:
      IKPosition: {x: -37, y: 1.7343614, z: 53.2}
      IKPositionWeight: 0
      root: {fileID: 4286429015348224}
      target: {fileID: 0}
      tolerance: 0
      maxIterations: 2
      useRotationLimits: 0
      XY: 0
      bones:
      - transform: {fileID: 4353720529308830}
        weight: 1
        solverPosition: {x: -37, y: 1.0640363, z: 53.2}
        solverRotation: {x: 0.7071068, y: -0.70710677, z: -0, w: 0}
        defaultLocalPosition: {x: 0.009555898, y: 0.016478358, z: 0}
        defaultLocalRotation: {x: 0, y: 0, z: 0.86650366, w: -0.49917072}
        length: 0.67032516
        sqrMag: 0
        axis: {x: -0.67032516, y: -0.000000079908986, z: 0}
      - transform: {fileID: 4950984144606172}
        weight: 1
        solverPosition: {x: -37, y: 1.7343614, z: 53.2}
        solverRotation: {x: 0.7071068, y: -0.70710677, z: -0, w: 0}
        defaultLocalPosition: {x: -0.6703252, y: 3.7986005e-16, z: 0}
        defaultLocalRotation: {x: 0, y: -0, z: -1.6102571e-15, w: 1}
        length: 0
        sqrMag: 0
        axis: {x: -0.67032516, y: -0.000000079908986, z: 0}
    lookAt:
      IKPosition: {x: -37, y: 1.7343614, z: 50.2}
      IKPositionWeight: 0
      root: {fileID: 4286429015348224}
      target: {fileID: 0}
      spine:
      - transform: {fileID: 4353720529308830}
        weight: 1
        solverPosition: {x: 0, y: 0, z: 0}
        solverRotation: {x: 0, y: 0, z: 0, w: 1}
        defaultLocalPosition: {x: 0.009555898, y: 0.016478358, z: 0}
        defaultLocalRotation: {x: 0, y: 0, z: 0.86650366, w: -0.49917072}
        length: 0
        sqrMag: 0
        axis: {x: 0, y: -0, z: 1}
      - transform: {fileID: 4950984144606172}
        weight: 1
        solverPosition: {x: 0, y: 0, z: 0}
        solverRotation: {x: 0, y: 0, z: 0, w: 1}
        defaultLocalPosition: {x: -0.6703252, y: 3.7986005e-16, z: 0}
        defaultLocalRotation: {x: 0, y: -0, z: -1.6102571e-15, w: 1}
        length: 0
        sqrMag: 0
        axis: {x: 0, y: -0, z: 1}
      head:
        transform: {fileID: 4089500250618506}
        weight: 1
        solverPosition: {x: 0, y: 0, z: 0}
        solverRotation: {x: 0, y: 0, z: 0, w: 1}
        defaultLocalPosition: {x: -0.3106261, y: 6.897285e-17, z: 0}
        defaultLocalRotation: {x: 0, y: -0, z: -1.6653345e-15, w: 1}
        length: 0
        sqrMag: 0
        axis: {x: 0, y: -0, z: 1}
      eyes: []
      bodyWeight: 0
      headWeight: 1
      eyesWeight: 1
      clampWeight: 0.5
      clampWeightHead: 0.7
      clampWeightEyes: 0.5
      clampSmoothing: 2
      spineWeightCurve:
        serializedVersion: 2
        m_Curve:
        - serializedVersion: 2
          time: 0
          value: 0.3
          inSlope: 0
          outSlope: 0
          tangentMode: 0
        - serializedVersion: 2
          time: 1
          value: 1
          inSlope: 0
          outSlope: 0
          tangentMode: 0
        m_PreInfinity: 2
        m_PostInfinity: 2
        m_RotationOrder: 4
      spineTargetOffset: {x: 0, y: 0, z: 0}
    aim:
      IKPosition: {x: 0, y: 0, z: 0}
      IKPositionWeight: 0
      root: {fileID: 4286429015348224}
      target: {fileID: 0}
      tolerance: 0
      maxIterations: 2
      useRotationLimits: 1
      XY: 0
      bones:
      - transform: {fileID: 4353720529308830}
        weight: 1
        solverPosition: {x: 0, y: 0, z: 0}
        solverRotation: {x: 0, y: 0, z: 0, w: 1}
        defaultLocalPosition: {x: 0.009555898, y: 0.016478358, z: 0}
        defaultLocalRotation: {x: 0, y: 0, z: 0.86650366, w: -0.49917072}
        length: 0
        sqrMag: 0
        axis: {x: -1, y: -0, z: -0}
      - transform: {fileID: 4950984144606172}
        weight: 1
        solverPosition: {x: 0, y: 0, z: 0}
        solverRotation: {x: 0, y: 0, z: 0, w: 1}
        defaultLocalPosition: {x: -0.6703252, y: 3.7986005e-16, z: 0}
        defaultLocalRotation: {x: 0, y: -0, z: -1.6102571e-15, w: 1}
        length: 0
        sqrMag: 0
        axis: {x: -1, y: -0, z: -0}
      transform: {fileID: 0}
      axis: {x: 0, y: 0, z: 1}
      poleAxis: {x: 0, y: 1, z: 0}
      polePosition: {x: 0, y: 0, z: 0}
      poleWeight: 0
      poleTarget: {fileID: 0}
      clampWeight: 0.1
      clampSmoothing: 2
    pelvis:
      transform: {fileID: 4350245283682584}
      target: {fileID: 0}
      positionOffset: {x: 0, y: 0, z: 0}
      position: {x: -37, y: 1.0449876, z: 53.2}
      positionWeight: 0
      rotationOffset: {x: 0, y: 0, z: 0}
      rotation: {x: 0, y: 180, z: 30.109697}
      rotationWeight: 0
--- !u!137 &137869848598401626
SkinnedMeshRenderer:
  m_ObjectHideFlags: 1
  m_PrefabParentObject: {fileID: 0}
  m_PrefabInternal: {fileID: 100100000}
  m_GameObject: {fileID: 1296986789222270}
  m_Enabled: 1
  m_CastShadows: 1
  m_ReceiveShadows: 1
  m_DynamicOccludee: 1
  m_MotionVectors: 1
  m_LightProbeUsage: 1
  m_ReflectionProbeUsage: 1
  m_Materials:
  - {fileID: 2100000, guid: 38b83b0f8cedd49cead004c3234df2b4, type: 2}
  m_StaticBatchInfo:
    firstSubMesh: 0
    subMeshCount: 0
  m_StaticBatchRoot: {fileID: 0}
  m_ProbeAnchor: {fileID: 0}
  m_LightProbeVolumeOverride: {fileID: 0}
  m_ScaleInLightmap: 1
  m_PreserveUVs: 0
  m_IgnoreNormalsForChartDetection: 0
  m_ImportantGI: 0
  m_StitchLightmapSeams: 0
  m_SelectedEditorRenderState: 3
  m_MinimumChartSize: 4
  m_AutoUVMaxDistance: 0.5
  m_AutoUVMaxAngle: 89
  m_LightmapParameters: {fileID: 0}
  m_SortingLayerID: 0
  m_SortingLayer: 0
  m_SortingOrder: 0
  serializedVersion: 2
  m_Quality: 0
  m_UpdateWhenOffscreen: 0
  m_SkinnedMotionVectors: 1
  m_Mesh: {fileID: 4300076, guid: dbbc53a6bc8f5c64bb234194ce1380aa, type: 3}
  m_Bones:
  - {fileID: 4047682986441762}
  - {fileID: 4350245283682584}
  - {fileID: 4013483961338520}
  - {fileID: 4214723267820162}
  - {fileID: 4673749425449384}
  - {fileID: 4624703443189002}
  - {fileID: 4767899208648060}
  - {fileID: 4825648671757812}
  - {fileID: 4353720529308830}
  - {fileID: 4950984144606172}
  - {fileID: 4089500250618506}
  - {fileID: 4945789490464510}
  - {fileID: 4640549718178018}
  - {fileID: 4978283716446232}
  - {fileID: 4107715102559240}
  - {fileID: 4468527168382152}
  - {fileID: 4700141611367466}
  - {fileID: 4136776311506794}
  m_BlendShapeWeights: []
  m_RootBone: {fileID: 4047682986441762}
  m_AABB:
    m_Center: {x: 0.00000166893, y: 1.4134798, z: 0.0016335845}
    m_Extent: {x: 1.6845055, y: 1.41348, z: 0.35555044}
  m_DirtyAABB: 0
--- !u!195 &195884377522472044
NavMeshAgent:
  m_ObjectHideFlags: 1
  m_PrefabParentObject: {fileID: 0}
  m_PrefabInternal: {fileID: 100100000}
  m_GameObject: {fileID: 1128722845583580}
  m_Enabled: 1
  m_AgentTypeID: 0
  m_Radius: 0.4
  m_Speed: 3.5
  m_Acceleration: 0.5
  avoidancePriority: 50
  m_AngularSpeed: 360
  m_StoppingDistance: 2
  m_AutoTraverseOffMeshLink: 0
  m_AutoBraking: 1
  m_AutoRepath: 1
  m_Height: 3
  m_BaseOffset: 0
  m_WalkableMask: 9
  m_ObstacleAvoidanceType: 2
