%YAML 1.1
%TAG !u! tag:unity3d.com,2011:
--- !u!1001 &100100000
Prefab:
  m_ObjectHideFlags: 1
  serializedVersion: 2
  m_Modification:
    m_TransformParent: {fileID: 0}
    m_Modifications: []
    m_RemovedComponents: []
  m_ParentPrefab: {fileID: 0}
  m_RootGameObject: {fileID: 1836534825813948}
  m_IsPrefabParent: 1
--- !u!1 &1836534825813948
GameObject:
  m_ObjectHideFlags: 0
  m_PrefabParentObject: {fileID: 0}
  m_PrefabInternal: {fileID: 100100000}
  serializedVersion: 5
  m_Component:
  - component: {fileID: 4406178076396650}
  - component: {fileID: 33692698403200204}
  - component: {fileID: 23572374801056134}
  - component: {fileID: 114027265785335086}
  - component: {fileID: 65338540540254594}
  m_Layer: 12
  m_Name: WB_wall_Concretedamaged_01
  m_TagString: Untagged
  m_Icon: {fileID: 0}
  m_NavMeshLayer: 1
  m_StaticEditorFlags: 4294967263
  m_IsActive: 1
--- !u!4 &4406178076396650
Transform:
  m_ObjectHideFlags: 1
  m_PrefabParentObject: {fileID: 0}
  m_PrefabInternal: {fileID: 100100000}
  m_GameObject: {fileID: 1836534825813948}
  m_LocalRotation: {x: 0, y: -0, z: -0, w: 1}
  m_LocalPosition: {x: -0, y: 0, z: 0}
  m_LocalScale: {x: 1, y: 1, z: 1}
  m_Children: []
  m_Father: {fileID: 0}
  m_RootOrder: 0
  m_LocalEulerAnglesHint: {x: 0, y: 0, z: 0}
--- !u!23 &23572374801056134
MeshRenderer:
  m_ObjectHideFlags: 1
  m_PrefabParentObject: {fileID: 0}
  m_PrefabInternal: {fileID: 100100000}
  m_GameObject: {fileID: 1836534825813948}
  m_Enabled: 1
  m_CastShadows: 1
  m_ReceiveShadows: 1
  m_DynamicOccludee: 1
  m_MotionVectors: 1
  m_LightProbeUsage: 1
  m_ReflectionProbeUsage: 1
  m_Materials:
  - {fileID: 2100000, guid: 0f88c11004f5a401c87feab2eff01594, type: 2}
  m_StaticBatchInfo:
    firstSubMesh: 0
    subMeshCount: 0
  m_StaticBatchRoot: {fileID: 0}
  m_ProbeAnchor: {fileID: 0}
  m_LightProbeVolumeOverride: {fileID: 0}
  m_ScaleInLightmap: 1
  m_PreserveUVs: 0
  m_IgnoreNormalsForChartDetection: 0
  m_ImportantGI: 0
  m_StitchLightmapSeams: 0
  m_SelectedEditorRenderState: 3
  m_MinimumChartSize: 4
  m_AutoUVMaxDistance: 0.5
  m_AutoUVMaxAngle: 89
  m_LightmapParameters: {fileID: 0}
  m_SortingLayerID: 0
  m_SortingLayer: 0
  m_SortingOrder: 0
--- !u!33 &33692698403200204
MeshFilter:
  m_ObjectHideFlags: 1
  m_PrefabParentObject: {fileID: 0}
  m_PrefabInternal: {fileID: 100100000}
  m_GameObject: {fileID: 1836534825813948}
  m_Mesh: {fileID: 4300000, guid: bd68dd3becca82240b7ed6677c190aac, type: 3}
--- !u!65 &65338540540254594
BoxCollider:
  m_ObjectHideFlags: 1
  m_PrefabParentObject: {fileID: 0}
  m_PrefabInternal: {fileID: 100100000}
  m_GameObject: {fileID: 1836534825813948}
  m_Material: {fileID: 0}
  m_IsTrigger: 0
  m_Enabled: 1
  serializedVersion: 2
  m_Size: {x: 5, y: 5.551568, z: 1.5328943}
  m_Center: {x: 0, y: 1.775784, z: 0}
--- !u!114 &114027265785335086
MonoBehaviour:
  m_ObjectHideFlags: 1
  m_PrefabParentObject: {fileID: 0}
  m_PrefabInternal: {fileID: 100100000}
  m_GameObject: {fileID: 1836534825813948}
  m_Enabled: 1
  m_EditorHideFlags: 0
  m_Script: {fileID: 11500000, guid: 386179b77fa3ea345a40abe1fc091845, type: 3}
  m_Name: 
  m_EditorClassIdentifier: 
  race: 0
  materialType: 3
  health: 0
  armour: 0
  density: 1
  particleEffects: 1
  blocksVision: 1
  fadeDecal: 1
  highlightColor: {r: 0, g: 0, b: 0, a: 0}
  deadPrefab: {fileID: 0}
  deadPrefabOffset: {x: 0, y: 0, z: 0}
  deadPrefabRotation: {x: 0, y: 0, z: 0}
  dieEffectPrefab: {fileID: 0}
  dieEffectOffset: {x: 0, y: 0, z: 0}
  dieEffectRotation: {x: 0, y: 0, z: 0}
  fadeDelay: 0
  fadeTime: 0
