%YAML 1.1
%TAG !u! tag:unity3d.com,2011:
--- !u!1 &132088
GameObject:
  m_ObjectHideFlags: 0
  m_PrefabParentObject: {fileID: 0}
  m_PrefabInternal: {fileID: 100100000}
  serializedVersion: 5
  m_Component:
  - component: {fileID: 462366}
  - component: {fileID: 3323756}
  - component: {fileID: 2326548}
  m_Layer: 0
  m_Name: SA_Bld_HospitalBuildingMain_HeliPad_01
  m_TagString: Untagged
  m_Icon: {fileID: 0}
  m_NavMeshLayer: 0
  m_StaticEditorFlags: 0
  m_IsActive: 1
--- !u!1 &142632
GameObject:
  m_ObjectHideFlags: 0
  m_PrefabParentObject: {fileID: 0}
  m_PrefabInternal: {fileID: 100100000}
  serializedVersion: 5
  m_Component:
  - component: {fileID: 438380}
  - component: {fileID: 3327798}
  - component: {fileID: 2381176}
  - component: {fileID: 11411338}
  - component: {fileID: 6528654}
  - component: {fileID: 6534188}
  - component: {fileID: 6519634}
  - component: {fileID: 114000010904784528}
  m_Layer: 0
  m_Name: zReview_ZX_Bld_HospitalBuildingMain_01
  m_TagString: Untagged
  m_Icon: {fileID: 0}
  m_NavMeshLayer: 0
  m_StaticEditorFlags: 0
  m_IsActive: 1
--- !u!4 &438380
Transform:
  m_ObjectHideFlags: 1
  m_PrefabParentObject: {fileID: 0}
  m_PrefabInternal: {fileID: 100100000}
  m_GameObject: {fileID: 142632}
  m_LocalRotation: {x: 0, y: 0, z: 0, w: 1}
  m_LocalPosition: {x: 0, y: 0, z: 0}
  m_LocalScale: {x: 1, y: 1, z: 1}
  m_Children:
  - {fileID: 462366}
  m_Father: {fileID: 0}
  m_RootOrder: 0
  m_LocalEulerAnglesHint: {x: 0, y: 0, z: 0}
--- !u!4 &462366
Transform:
  m_ObjectHideFlags: 1
  m_PrefabParentObject: {fileID: 0}
  m_PrefabInternal: {fileID: 100100000}
  m_GameObject: {fileID: 132088}
  m_LocalRotation: {x: 0, y: 0, z: 0, w: 1}
  m_LocalPosition: {x: -0, y: 0, z: 2.842171e-14}
  m_LocalScale: {x: 1, y: 1, z: 1}
  m_Children: []
  m_Father: {fileID: 438380}
  m_RootOrder: 0
  m_LocalEulerAnglesHint: {x: 0, y: 0, z: 0}
--- !u!23 &2326548
MeshRenderer:
  m_ObjectHideFlags: 1
  m_PrefabParentObject: {fileID: 0}
  m_PrefabInternal: {fileID: 100100000}
  m_GameObject: {fileID: 132088}
  m_Enabled: 1
  m_CastShadows: 1
  m_ReceiveShadows: 1
  m_DynamicOccludee: 1
  m_MotionVectors: 1
  m_LightProbeUsage: 1
  m_ReflectionProbeUsage: 1
  m_Materials:
  - {fileID: 2100000, guid: 965e421d30d6a2a419dfd5b3597456b8, type: 2}
  m_StaticBatchInfo:
    firstSubMesh: 0
    subMeshCount: 0
  m_StaticBatchRoot: {fileID: 0}
  m_ProbeAnchor: {fileID: 0}
  m_LightProbeVolumeOverride: {fileID: 0}
  m_ScaleInLightmap: 1
  m_PreserveUVs: 0
  m_IgnoreNormalsForChartDetection: 0
  m_ImportantGI: 0
  m_StitchLightmapSeams: 0
  m_SelectedEditorRenderState: 3
  m_MinimumChartSize: 4
  m_AutoUVMaxDistance: 0.5
  m_AutoUVMaxAngle: 89
  m_LightmapParameters: {fileID: 0}
  m_SortingLayerID: 0
  m_SortingLayer: 0
  m_SortingOrder: 0
--- !u!23 &2381176
MeshRenderer:
  m_ObjectHideFlags: 1
  m_PrefabParentObject: {fileID: 0}
  m_PrefabInternal: {fileID: 100100000}
  m_GameObject: {fileID: 142632}
  m_Enabled: 1
  m_CastShadows: 1
  m_ReceiveShadows: 1
  m_DynamicOccludee: 1
  m_MotionVectors: 1
  m_LightProbeUsage: 1
  m_ReflectionProbeUsage: 1
  m_Materials:
  - {fileID: 2100000, guid: 965e421d30d6a2a419dfd5b3597456b8, type: 2}
  m_StaticBatchInfo:
    firstSubMesh: 0
    subMeshCount: 0
  m_StaticBatchRoot: {fileID: 0}
  m_ProbeAnchor: {fileID: 0}
  m_LightProbeVolumeOverride: {fileID: 0}
  m_ScaleInLightmap: 1
  m_PreserveUVs: 0
  m_IgnoreNormalsForChartDetection: 0
  m_ImportantGI: 0
  m_StitchLightmapSeams: 0
  m_SelectedEditorRenderState: 3
  m_MinimumChartSize: 4
  m_AutoUVMaxDistance: 0.5
  m_AutoUVMaxAngle: 89
  m_LightmapParameters: {fileID: 0}
  m_SortingLayerID: 0
  m_SortingLayer: 0
  m_SortingOrder: 0
--- !u!33 &3323756
MeshFilter:
  m_ObjectHideFlags: 1
  m_PrefabParentObject: {fileID: 0}
  m_PrefabInternal: {fileID: 100100000}
  m_GameObject: {fileID: 132088}
  m_Mesh: {fileID: 4300002, guid: 8bd5db31b8ddce4449d18baca5f9896f, type: 3}
--- !u!33 &3327798
MeshFilter:
  m_ObjectHideFlags: 1
  m_PrefabParentObject: {fileID: 0}
  m_PrefabInternal: {fileID: 100100000}
  m_GameObject: {fileID: 142632}
  m_Mesh: {fileID: 4300000, guid: 8bd5db31b8ddce4449d18baca5f9896f, type: 3}
--- !u!65 &6519634
BoxCollider:
  m_ObjectHideFlags: 1
  m_PrefabParentObject: {fileID: 0}
  m_PrefabInternal: {fileID: 100100000}
  m_GameObject: {fileID: 142632}
  m_Material: {fileID: 0}
  m_IsTrigger: 0
  m_Enabled: 1
  serializedVersion: 2
  m_Size: {x: 27.05699, y: 10.044498, z: 28.477741}
  m_Center: {x: -0.5192194, y: 4.4911785, z: 4.243021}
--- !u!65 &6528654
BoxCollider:
  m_ObjectHideFlags: 1
  m_PrefabParentObject: {fileID: 0}
  m_PrefabInternal: {fileID: 100100000}
  m_GameObject: {fileID: 142632}
  m_Material: {fileID: 0}
  m_IsTrigger: 0
  m_Enabled: 1
  serializedVersion: 2
  m_Size: {x: 19.214714, y: 38.91238, z: 26.759928}
  m_Center: {x: 22.65627, y: 18.92512, z: 0.62552166}
--- !u!65 &6534188
BoxCollider:
  m_ObjectHideFlags: 1
  m_PrefabParentObject: {fileID: 0}
  m_PrefabInternal: {fileID: 100100000}
  m_GameObject: {fileID: 142632}
  m_Material: {fileID: 0}
  m_IsTrigger: 0
  m_Enabled: 1
  serializedVersion: 2
  m_Size: {x: 19.787128, y: 25.366444, z: 27.117657}
  m_Center: {x: -22.370035, y: 12.152151, z: -4.9230533}
--- !u!114 &11411338
MonoBehaviour:
  m_ObjectHideFlags: 1
  m_PrefabParentObject: {fileID: 0}
  m_PrefabInternal: {fileID: 100100000}
  m_GameObject: {fileID: 142632}
  m_Enabled: 1
  m_EditorHideFlags: 0
  m_Script: {fileID: 11500000, guid: 4e5239626e8d44f429c916a6cbe971c9, type: 3}
  m_Name: 
  m_EditorClassIdentifier: 
  race: 0
  materialType: 3
  health: 0
  armour: 0
  density: 1
  particleEffects: 1
  blocksVision: 1
  blinkDamage: 0
  fadeDecal: 0
  highlightColor:
    r: 0
    g: 0
    b: 0
    a: 0
  deadPrefab: {fileID: 0}
  deadPrefabOffset: {x: 0, y: 0, z: 0}
  deadPrefabRotation: {x: 0, y: 0, z: 0}
  dieEffectPrefab: {fileID: 0}
  dieEffectOffset: {x: 0, y: 0, z: 0}
  dieEffectRotation: {x: 0, y: 0, z: 0}
  fadeDelay: 0
  fadeTime: 0
--- !u!1001 &100100000
Prefab:
  m_ObjectHideFlags: 1
  serializedVersion: 2
  m_Modification:
    m_TransformParent: {fileID: 0}
    m_Modifications: []
    m_RemovedComponents: []
  m_ParentPrefab: {fileID: 0}
  m_RootGameObject: {fileID: 142632}
  m_IsPrefabParent: 1
--- !u!114 &114000010904784528
MonoBehaviour:
  m_ObjectHideFlags: 1
  m_PrefabParentObject: {fileID: 0}
  m_PrefabInternal: {fileID: 100100000}
  m_GameObject: {fileID: 142632}
  m_Enabled: 1
  m_EditorHideFlags: 0
  m_Script: {fileID: 11500000, guid: a57e0e363027e48458f117bb7d1b39ff, type: 3}
  m_Name: 
  m_EditorClassIdentifier: 
  materialsList:
  - matName: ZX_Mat_SimpleApocalypse_Baseline
    usingShader: 
    shaderVisible: 1
    animate:
    - propertyName: _MainTex
      AnimateUV: 0
      instantiate: 1
      ScrollSpeed: {x: -0.4, y: 0}
      UVOffset: {x: 0, y: 0}
      RotateSpeed: 100
      UVRotate: 0
      RotatePivot: {x: 0.5, y: 0.5}
      matrix: _MainTexMatrix
    - propertyName: _DecalTex
      AnimateUV: 0
      instantiate: 1
      ScrollSpeed: {x: -0.4, y: 0}
      UVOffset: {x: 0, y: 0}
      RotateSpeed: 100
      UVRotate: 0
      RotatePivot: {x: 0.5, y: 0.5}
      matrix: _DecalTexMatrix
