%YAML 1.1
%TAG !u! tag:unity3d.com,2011:
--- !u!1 &107618
GameObject:
  m_ObjectHideFlags: 0
  m_PrefabParentObject: {fileID: 0}
  m_PrefabInternal: {fileID: 100100000}
  serializedVersion: 5
  m_Component:
  - component: {fileID: 428246}
  - component: {fileID: 3386344}
  - component: {fileID: 2358302}
  - component: {fileID: 11439954}
  - component: {fileID: 6563678}
  - component: {fileID: 114000013821568774}
  m_Layer: 12
  m_Name: ZX_Bld_BioTentMedical_01
  m_TagString: Untagged
  m_Icon: {fileID: 0}
  m_NavMeshLayer: 1
  m_StaticEditorFlags: 4294967263
  m_IsActive: 1
--- !u!4 &428246
Transform:
  m_ObjectHideFlags: 1
  m_PrefabParentObject: {fileID: 0}
  m_PrefabInternal: {fileID: 100100000}
  m_GameObject: {fileID: 107618}
  m_LocalRotation: {x: 0, y: -0.7071068, z: -0, w: 0.7071068}
  m_LocalPosition: {x: 164.43002, y: 0, z: -27.419998}
  m_LocalScale: {x: 0.50000024, y: 0.5, z: 0.50000024}
  m_Children:
  - {fileID: 4000012101068364}
  m_Father: {fileID: 0}
  m_RootOrder: 0
  m_LocalEulerAnglesHint: {x: 0, y: -90, z: 0}
--- !u!23 &2358302
MeshRenderer:
  m_ObjectHideFlags: 1
  m_PrefabParentObject: {fileID: 0}
  m_PrefabInternal: {fileID: 100100000}
  m_GameObject: {fileID: 107618}
  m_Enabled: 1
  m_CastShadows: 1
  m_ReceiveShadows: 1
  m_DynamicOccludee: 1
  m_MotionVectors: 1
  m_LightProbeUsage: 1
  m_ReflectionProbeUsage: 1
  m_Materials:
  - {fileID: 2100000, guid: 965e421d30d6a2a419dfd5b3597456b8, type: 2}
  m_StaticBatchInfo:
    firstSubMesh: 0
    subMeshCount: 0
  m_StaticBatchRoot: {fileID: 0}
  m_ProbeAnchor: {fileID: 0}
  m_LightProbeVolumeOverride: {fileID: 0}
  m_ScaleInLightmap: 1
  m_PreserveUVs: 0
  m_IgnoreNormalsForChartDetection: 0
  m_ImportantGI: 0
  m_StitchLightmapSeams: 0
  m_SelectedEditorRenderState: 3
  m_MinimumChartSize: 4
  m_AutoUVMaxDistance: 0.5
  m_AutoUVMaxAngle: 89
  m_LightmapParameters: {fileID: 0}
  m_SortingLayerID: 0
  m_SortingLayer: 0
  m_SortingOrder: 0
--- !u!33 &3386344
MeshFilter:
  m_ObjectHideFlags: 1
  m_PrefabParentObject: {fileID: 0}
  m_PrefabInternal: {fileID: 100100000}
  m_GameObject: {fileID: 107618}
  m_Mesh: {fileID: 4300000, guid: 17f69afe31284d846a758cecee7a05c2, type: 3}
--- !u!65 &6563678
BoxCollider:
  m_ObjectHideFlags: 1
  m_PrefabParentObject: {fileID: 0}
  m_PrefabInternal: {fileID: 100100000}
  m_GameObject: {fileID: 107618}
  m_Material: {fileID: 0}
  m_IsTrigger: 0
  m_Enabled: 1
  serializedVersion: 2
  m_Size: {x: 8.431133, y: 4.4416847, z: 13.029567}
  m_Center: {x: 0.014572131, y: 2.1078377, z: -0.09149167}
--- !u!114 &11439954
MonoBehaviour:
  m_ObjectHideFlags: 1
  m_PrefabParentObject: {fileID: 0}
  m_PrefabInternal: {fileID: 100100000}
  m_GameObject: {fileID: 107618}
  m_Enabled: 1
  m_EditorHideFlags: 0
  m_Script: {fileID: 11500000, guid: 4e5239626e8d44f429c916a6cbe971c9, type: 3}
  m_Name: 
  m_EditorClassIdentifier: 
  race: 0
  materialType: 0
  health: 0
  armour: 0
  density: 1
  particleEffects: 1
  blocksVision: 1
  fadeDecal: 1
  highlightColor:
    r: 0
    g: 0
    b: 0
    a: 0
  deadPrefab: {fileID: 0}
  deadPrefabOffset: {x: 0, y: 0, z: 0}
  deadPrefabRotation: {x: 0, y: 0, z: 0}
  dieEffectPrefab: {fileID: 0}
  dieEffectOffset: {x: 0, y: 0, z: 0}
  dieEffectRotation: {x: 0, y: 0, z: 0}
  fadeDelay: 0
  fadeTime: 0
--- !u!1001 &100100000
Prefab:
  m_ObjectHideFlags: 1
  serializedVersion: 2
  m_Modification:
    m_TransformParent: {fileID: 0}
    m_Modifications: []
    m_RemovedComponents: []
  m_ParentPrefab: {fileID: 0}
  m_RootGameObject: {fileID: 107618}
  m_IsPrefabParent: 1
--- !u!1 &1000012405917146
GameObject:
  m_ObjectHideFlags: 0
  m_PrefabParentObject: {fileID: 0}
  m_PrefabInternal: {fileID: 100100000}
  serializedVersion: 5
  m_Component:
  - component: {fileID: 4000012101068364}
  - component: {fileID: 33000011277438830}
  - component: {fileID: 23000011226318784}
  m_Layer: 0
  m_Name: ZX_NavFiller (1)
  m_TagString: Untagged
  m_Icon: {fileID: 0}
  m_NavMeshLayer: 1
  m_StaticEditorFlags: 4294967263
  m_IsActive: 1
--- !u!4 &4000012101068364
Transform:
  m_ObjectHideFlags: 1
  m_PrefabParentObject: {fileID: 0}
  m_PrefabInternal: {fileID: 100100000}
  m_GameObject: {fileID: 1000012405917146}
  m_LocalRotation: {x: -0, y: -0.7071068, z: -0, w: 0.7071068}
  m_LocalPosition: {x: -0.115989715, y: 0, z: -0.53997785}
  m_LocalScale: {x: 11.74138, y: 3.3333333, z: 6.851475}
  m_Children: []
  m_Father: {fileID: 428246}
  m_RootOrder: 0
  m_LocalEulerAnglesHint: {x: 0, y: 0, z: 0}
--- !u!23 &23000011226318784
MeshRenderer:
  m_ObjectHideFlags: 1
  m_PrefabParentObject: {fileID: 0}
  m_PrefabInternal: {fileID: 100100000}
  m_GameObject: {fileID: 1000012405917146}
  m_Enabled: 1
  m_CastShadows: 0
  m_ReceiveShadows: 0
  m_DynamicOccludee: 1
  m_MotionVectors: 1
  m_LightProbeUsage: 1
  m_ReflectionProbeUsage: 1
  m_Materials:
  - {fileID: 10303, guid: 0000000000000000f000000000000000, type: 0}
  m_StaticBatchInfo:
    firstSubMesh: 0
    subMeshCount: 0
  m_StaticBatchRoot: {fileID: 0}
  m_ProbeAnchor: {fileID: 0}
  m_LightProbeVolumeOverride: {fileID: 0}
  m_ScaleInLightmap: 1
  m_PreserveUVs: 1
  m_IgnoreNormalsForChartDetection: 0
  m_ImportantGI: 0
  m_StitchLightmapSeams: 0
  m_SelectedEditorRenderState: 3
  m_MinimumChartSize: 4
  m_AutoUVMaxDistance: 0.5
  m_AutoUVMaxAngle: 89
  m_LightmapParameters: {fileID: 0}
  m_SortingLayerID: 0
  m_SortingLayer: 0
  m_SortingOrder: 0
--- !u!33 &33000011277438830
MeshFilter:
  m_ObjectHideFlags: 1
  m_PrefabParentObject: {fileID: 0}
  m_PrefabInternal: {fileID: 100100000}
  m_GameObject: {fileID: 1000012405917146}
  m_Mesh: {fileID: 10202, guid: 0000000000000000e000000000000000, type: 0}
--- !u!114 &114000013821568774
MonoBehaviour:
  m_ObjectHideFlags: 1
  m_PrefabParentObject: {fileID: 0}
  m_PrefabInternal: {fileID: 100100000}
  m_GameObject: {fileID: 107618}
  m_Enabled: 1
  m_EditorHideFlags: 0
  m_Script: {fileID: 11500000, guid: a57e0e363027e48458f117bb7d1b39ff, type: 3}
  m_Name: 
  m_EditorClassIdentifier: 
  materialsList:
  - matName: ZX_Mat_SimpleApocalypse_Baseline
    usingShader: 
    shaderVisible: 1
    animate:
    - propertyName: _MainTex
      AnimateUV: 0
      instantiate: 1
      ScrollSpeed: {x: -0.4, y: 0}
      UVOffset: {x: 0, y: 0}
      RotateSpeed: 100
      UVRotate: 0
      RotatePivot: {x: 0.5, y: 0.5}
      matrix: _MainTexMatrix
    - propertyName: _DecalTex
      AnimateUV: 0
      instantiate: 1
      ScrollSpeed: {x: -0.4, y: 0}
      UVOffset: {x: 0, y: 0}
      RotateSpeed: 100
      UVRotate: 0
      RotatePivot: {x: 0.5, y: 0.5}
      matrix: _DecalTexMatrix
