%YAML 1.1
%TAG !u! tag:unity3d.com,2011:
--- !u!1 &146408
GameObject:
  m_ObjectHideFlags: 0
  m_PrefabParentObject: {fileID: 0}
  m_PrefabInternal: {fileID: 100100000}
  serializedVersion: 5
  m_Component:
  - component: {fileID: 421164}
  - component: {fileID: 11472178}
  - component: {fileID: 11416468}
  m_Layer: 5
  m_Name: GameManager
  m_TagString: Untagged
  m_Icon: {fileID: 0}
  m_NavMeshLayer: 0
  m_StaticEditorFlags: 0
  m_IsActive: 1
--- !u!4 &421164
Transform:
  m_ObjectHideFlags: 1
  m_PrefabParentObject: {fileID: 0}
  m_PrefabInternal: {fileID: 100100000}
  m_GameObject: {fileID: 146408}
  m_LocalRotation: {x: -0, y: -0, z: -0, w: 1}
  m_LocalPosition: {x: -10, y: 0, z: 10}
  m_LocalScale: {x: 1, y: 1, z: 1}
  m_Children: []
  m_Father: {fileID: 0}
  m_RootOrder: 0
  m_LocalEulerAnglesHint: {x: 0, y: 0, z: 0}
--- !u!114 &11416468
MonoBehaviour:
  m_ObjectHideFlags: 1
  m_PrefabParentObject: {fileID: 0}
  m_PrefabInternal: {fileID: 100100000}
  m_GameObject: {fileID: 146408}
  m_Enabled: 1
  m_EditorHideFlags: 0
  m_Script: {fileID: 11500000, guid: be82181bf154e60438b1b8fac11f9875, type: 3}
  m_Name: 
  m_EditorClassIdentifier: 
--- !u!114 &11472178
MonoBehaviour:
  m_ObjectHideFlags: 1
  m_PrefabParentObject: {fileID: 0}
  m_PrefabInternal: {fileID: 100100000}
  m_GameObject: {fileID: 146408}
  m_Enabled: 1
  m_EditorHideFlags: 0
  m_Script: {fileID: 11500000, guid: 1b2a47bd84904ee4e8e3f89fc264ef0d, type: 3}
  m_Name: 
  m_EditorClassIdentifier: 
  p_BloodSplatterSize: 50
  p_BloodSplatterPrefabs:
  - {fileID: 11466354, guid: 0e3e58cfae2954f3b8ae4d9097ca4d50, type: 2}
  p_BloodPoolLargeSize: 10
  p_BloodPoolLargePrefabs:
  - {fileID: 11411616, guid: bb7ef4d0e20444109b0d6c3f7c54a072, type: 2}
  p_PoofSize: 10
  p_PoofPrefab:
  - {fileID: 114000014007280574, guid: 845b49b2543dd498386e1ff542b7d956, type: 2}
  p_FireSize: 10
  p_FirePrefab:
  - {fileID: 114000012594325292, guid: 98b0ee515629f418ca3a4a6021df7265, type: 2}
  p_BulletImpactSize: 50
  p_BulletImpactPrefab:
  - {fileID: 114000013319796582, guid: bb49f9eb0ea47463fbdbb669363d3444, type: 2}
  p_LargeBulletImpactSize: 50
  p_LargeBulletImpactPrefab:
  - {fileID: 114000013319796582, guid: bb49f9eb0ea47463fbdbb669363d3444, type: 2}
  materials:
  - {fileID: 2100000, guid: 965e421d30d6a2a419dfd5b3597456b8, type: 2}
  fadeDelay: 1.5
  fadeTime: 2
  missionClock: 180
--- !u!1001 &100100000
Prefab:
  m_ObjectHideFlags: 1
  serializedVersion: 2
  m_Modification:
    m_TransformParent: {fileID: 0}
    m_Modifications:
    - target: {fileID: 0}
      propertyPath: p_ZombiesPrefabs.Array.size
      value: 1
      objectReference: {fileID: 0}
    - target: {fileID: 0}
      propertyPath: p_ZombiesPrefabs.Array.data[0]
      value: 
      objectReference: {fileID: 11447626, guid: 0394f42af86cd5b488ee75c61f307cbb,
        type: 2}
    - target: {fileID: 0}
      propertyPath: p_ZombiesPrefabs.Array.data[1]
      value: 
      objectReference: {fileID: 11447626, guid: 0394f42af86cd5b488ee75c61f307cbb,
        type: 2}
    - target: {fileID: 0}
      propertyPath: p_ZombiesPrefabs.Array.data[2]
      value: 
      objectReference: {fileID: 11447626, guid: 0394f42af86cd5b488ee75c61f307cbb,
        type: 2}
    - target: {fileID: 0}
      propertyPath: p_ZombiesPrefabs.Array.data[3]
      value: 
      objectReference: {fileID: 11447626, guid: 0394f42af86cd5b488ee75c61f307cbb,
        type: 2}
    - target: {fileID: 0}
      propertyPath: p_ZombiesPrefabs.Array.data[4]
      value: 
      objectReference: {fileID: 11447626, guid: 0394f42af86cd5b488ee75c61f307cbb,
        type: 2}
    - target: {fileID: 0}
      propertyPath: p_ZombiesPrefabs.Array.data[5]
      value: 
      objectReference: {fileID: 11447626, guid: 0394f42af86cd5b488ee75c61f307cbb,
        type: 2}
    - target: {fileID: 0}
      propertyPath: p_ZombiesPrefabs.Array.data[6]
      value: 
      objectReference: {fileID: 11447626, guid: 0394f42af86cd5b488ee75c61f307cbb,
        type: 2}
    - target: {fileID: 0}
      propertyPath: p_ZombiesPrefabs.Array.data[7]
      value: 
      objectReference: {fileID: 11447626, guid: 0394f42af86cd5b488ee75c61f307cbb,
        type: 2}
    - target: {fileID: 0}
      propertyPath: p_ZombiesPrefabs.Array.data[8]
      value: 
      objectReference: {fileID: 11447626, guid: 0394f42af86cd5b488ee75c61f307cbb,
        type: 2}
    - target: {fileID: 0}
      propertyPath: p_ZombiesPrefabs.Array.data[9]
      value: 
      objectReference: {fileID: 11447626, guid: 0394f42af86cd5b488ee75c61f307cbb,
        type: 2}
    - target: {fileID: 0}
      propertyPath: p_ZombiesPrefabs.Array.data[10]
      value: 
      objectReference: {fileID: 11447626, guid: 0394f42af86cd5b488ee75c61f307cbb,
        type: 2}
    - target: {fileID: 0}
      propertyPath: p_ZombiesPrefabs.Array.data[11]
      value: 
      objectReference: {fileID: 11447626, guid: 0394f42af86cd5b488ee75c61f307cbb,
        type: 2}
    - target: {fileID: 0}
      propertyPath: p_ZombiesPrefabs.Array.data[12]
      value: 
      objectReference: {fileID: 11447626, guid: 0394f42af86cd5b488ee75c61f307cbb,
        type: 2}
    - target: {fileID: 0}
      propertyPath: p_ZombiesPrefabs.Array.data[13]
      value: 
      objectReference: {fileID: 11447626, guid: 0394f42af86cd5b488ee75c61f307cbb,
        type: 2}
    - target: {fileID: 0}
      propertyPath: p_ZombiesPrefabs.Array.data[14]
      value: 
      objectReference: {fileID: 11447626, guid: 0394f42af86cd5b488ee75c61f307cbb,
        type: 2}
    - target: {fileID: 0}
      propertyPath: p_ZombiesPrefabs.Array.data[15]
      value: 
      objectReference: {fileID: 11447626, guid: 0394f42af86cd5b488ee75c61f307cbb,
        type: 2}
    - target: {fileID: 0}
      propertyPath: p_ZombiesPrefabs.Array.data[16]
      value: 
      objectReference: {fileID: 11447626, guid: 0394f42af86cd5b488ee75c61f307cbb,
        type: 2}
    - target: {fileID: 0}
      propertyPath: p_ZombiesPrefabs.Array.data[17]
      value: 
      objectReference: {fileID: 11447626, guid: 0394f42af86cd5b488ee75c61f307cbb,
        type: 2}
    - target: {fileID: 0}
      propertyPath: p_ZombiesPrefabs.Array.data[18]
      value: 
      objectReference: {fileID: 11447626, guid: 0394f42af86cd5b488ee75c61f307cbb,
        type: 2}
    - target: {fileID: 0}
      propertyPath: p_ZombiesPrefabs.Array.data[19]
      value: 
      objectReference: {fileID: 11447626, guid: 0394f42af86cd5b488ee75c61f307cbb,
        type: 2}
    - target: {fileID: 0}
      propertyPath: p_ZombiesPrefabs.Array.data[20]
      value: 
      objectReference: {fileID: 11447626, guid: 0394f42af86cd5b488ee75c61f307cbb,
        type: 2}
    - target: {fileID: 0}
      propertyPath: p_ZombiesPrefabs.Array.data[21]
      value: 
      objectReference: {fileID: 11447626, guid: 0394f42af86cd5b488ee75c61f307cbb,
        type: 2}
    - target: {fileID: 0}
      propertyPath: p_ZombiesPrefabs.Array.data[22]
      value: 
      objectReference: {fileID: 11447626, guid: 0394f42af86cd5b488ee75c61f307cbb,
        type: 2}
    - target: {fileID: 0}
      propertyPath: p_ZombiesPrefabs.Array.data[23]
      value: 
      objectReference: {fileID: 11447626, guid: 0394f42af86cd5b488ee75c61f307cbb,
        type: 2}
    - target: {fileID: 0}
      propertyPath: p_ZombiesPrefabs.Array.data[24]
      value: 
      objectReference: {fileID: 11447626, guid: 0394f42af86cd5b488ee75c61f307cbb,
        type: 2}
    - target: {fileID: 0}
      propertyPath: p_ZombiesPrefabs.Array.data[25]
      value: 
      objectReference: {fileID: 11447626, guid: 0394f42af86cd5b488ee75c61f307cbb,
        type: 2}
    - target: {fileID: 0}
      propertyPath: p_ZombiesPrefabs.Array.data[26]
      value: 
      objectReference: {fileID: 11447626, guid: 0394f42af86cd5b488ee75c61f307cbb,
        type: 2}
    - target: {fileID: 0}
      propertyPath: p_ZombiesPrefabs.Array.data[27]
      value: 
      objectReference: {fileID: 11447626, guid: 0394f42af86cd5b488ee75c61f307cbb,
        type: 2}
    - target: {fileID: 0}
      propertyPath: p_ZombiesPrefabs.Array.data[28]
      value: 
      objectReference: {fileID: 11447626, guid: 0394f42af86cd5b488ee75c61f307cbb,
        type: 2}
    - target: {fileID: 0}
      propertyPath: p_ZombiesPrefabs.Array.data[29]
      value: 
      objectReference: {fileID: 11447626, guid: 0394f42af86cd5b488ee75c61f307cbb,
        type: 2}
    - target: {fileID: 0}
      propertyPath: p_ZombiesSize
      value: 50
      objectReference: {fileID: 0}
    m_RemovedComponents: []
  m_ParentPrefab: {fileID: 0}
  m_RootGameObject: {fileID: 146408}
  m_IsPrefabParent: 1
